<?xml version="1.0" encoding="UTF-8"?>
<!DOCTYPE html PUBLIC "-//W3C//DTD XHTML 1.0 Transitional//EN"
    "http://www.w3.org/TR/xhtml1/DTD/xhtml1-transitional.dtd">
<html xmlns="http://www.w3.org/1999/xhtml" xml:lang="en" lang="en">
 <head>
  <title>
</title>
<meta http-equiv="Content-Type" content="text/html;charset=utf-8" />
  <meta name='ocr-system' content='tesseract 3.04.00' />
  <meta name='ocr-capabilities' content='ocr_page ocr_carea ocr_par ocr_line ocrx_word'/>
</head>
<body>
  <div class='ocr_page' id='page_1' title='image "./quaestionesarch00hachgoog_0043.png"; bbox 0 0 3154 4926; ppageno 0'>
   <div class='ocr_carea' id='block_1_1' title="bbox 809 321 851 384">
    <p class='ocr_par' dir='ltr' id='par_1_1' title="bbox 809 321 851 384">
     <span class='ocr_line' id='line_1_1' title="bbox 809 321 851 384; baseline -0.024 0"><span class='ocrx_word' id='word_1_1' title='bbox 809 321 851 384; x_wconf 88' lang='grc'><strong>34</strong></span> 
     </span>
    </p>
   </div>
   <div class='ocr_carea' id='block_1_2' title="bbox 172 489 1420 3474">
    <p class='ocr_par' dir='ltr' id='par_1_2' title="bbox 172 489 1420 3474">
     <span class='ocr_line' id='line_1_2' title="bbox 310 489 1416 571; baseline 0.003 -17"><span class='ocrx_word' id='word_1_2' title='bbox 310 490 403 571; x_wconf 67' lang='lat'>517.</span> <span class='ocrx_word' id='word_1_3' title='bbox 451 490 522 555; x_wconf 88' lang='lat' dir='ltr'><strong>Duo</strong></span> <span class='ocrx_word' id='word_1_4' title='bbox 551 491 719 557; x_wconf 85' lang='lat' dir='ltr'><strong>enuntiata</strong></span> <span class='ocrx_word' id='word_1_5' title='bbox 747 489 942 558; x_wconf 87' lang='lat' dir='ltr'><strong>secundaria</strong></span> <span class='ocrx_word' id='word_1_6' title='bbox 971 490 1086 557; x_wconf 88' lang='lat' dir='ltr'><strong>eadem</strong></span> <span class='ocrx_word' id='word_1_7' title='bbox 1117 493 1340 558; x_wconf 89' lang='lat' dir='ltr'><strong>coniunctione</strong></span> <span class='ocrx_word' id='word_1_8' title='bbox 1369 492 1416 557; x_wconf 91' lang='lat' dir='ltr'><strong>in-</strong></span> 
     </span>
     <span class='ocr_line' id='line_1_3' title="bbox 246 590 1414 679; baseline 0.005 -23"><span class='ocrx_word' id='word_1_9' title='bbox 246 590 372 675; x_wconf 87' lang='lat' dir='ltr'><strong>cohata,</strong></span> <span class='ocrx_word' id='word_1_10' title='bbox 400 613 595 677; x_wconf 86' lang='lat' dir='ltr'><strong>quamquam</strong></span> <span class='ocrx_word' id='word_1_11' title='bbox 622 594 820 661; x_wconf 77' lang='lat' dir='ltr'><strong>antecedens</strong></span> <span class='ocrx_word' id='word_1_12' title='bbox 847 595 1016 678; x_wconf 78' lang='lat' dir='ltr'><strong>posteriori</strong></span> <span class='ocrx_word' id='word_1_13' title='bbox 1046 595 1322 662; x_wconf 86' lang='lat' dir='ltr'><strong>subordinandum</strong></span> <span class='ocrx_word' id='word_1_14' title='bbox 1354 603 1414 679; x_wconf 92' lang='lat' dir='ltr'><strong>est,</strong></span> 
     </span>
     <span class='ocr_line' id='line_1_4' title="bbox 246 695 1416 784; baseline 0.003 -23"><span class='ocrx_word' id='word_1_15' title='bbox 246 695 435 761; x_wconf 79' lang='lat' dir='ltr'>coordinata</span> <span class='ocrx_word' id='word_1_16' title='bbox 468 696 624 781; x_wconf 89' lang='lat' dir='ltr'><strong>videmus,</strong></span> <span class='ocrx_word' id='word_1_17' title='bbox 659 697 693 762; x_wconf 91' lang='lat' dir='ltr'><strong>id</strong></span> <span class='ocrx_word' id='word_1_18' title='bbox 728 697 814 781; x_wconf 93' lang='lat' dir='ltr'><strong>quod</strong></span> <span class='ocrx_word' id='word_1_19' title='bbox 848 697 924 781; x_wconf 94' lang='lat' dir='ltr'><strong>quin</strong></span> <span class='ocrx_word' id='word_1_20' title='bbox 959 698 1084 765; x_wconf 81' lang='lat' dir='ltr'>assidui</span> <span class='ocrx_word' id='word_1_21' title='bbox 1118 701 1301 784; x_wconf 80' lang='lat' dir='ltr'><strong>scriptores,</strong></span> <span class='ocrx_word' id='word_1_22' title='bbox 1335 719 1416 782; x_wconf 92' lang='lat' dir='ltr'><strong>quos</strong></span> 
     </span>
     <span class='ocr_line' id='line_1_5' title="bbox 172 798 1415 885; baseline 0.001 -21"><span class='ocrx_word' id='word_1_23' title='bbox 172 863 177 874; x_wconf 85' lang='grc'><strong>,</strong></span> <span class='ocrx_word' id='word_1_24' title='bbox 246 798 369 865; x_wconf 83' lang='lat' dir='ltr'><strong>Gellius</strong></span> <span class='ocrx_word' id='word_1_25' title='bbox 397 807 502 884; x_wconf 88' lang='lat' dir='ltr'><strong>vocat,</strong></span> <span class='ocrx_word' id='word_1_26' title='bbox 535 801 637 867; x_wconf 84' lang='lat' dir='ltr'><strong>vitent</strong></span> <span class='ocrx_word' id='word_1_27' title='bbox 664 803 749 867; x_wconf 92' lang='lat' dir='ltr'><strong>omni</strong></span> <span class='ocrx_word' id='word_1_28' title='bbox 773 800 975 867; x_wconf 80' lang='lat' dir='ltr'><strong>dubitatione</strong></span> <span class='ocrx_word' id='word_1_29' title='bbox 998 802 1138 877; x_wconf 90' lang='lat' dir='ltr'><strong>solutum</strong></span> <span class='ocrx_word' id='word_1_30' title='bbox 1160 812 1224 869; x_wconf 87' lang='lat' dir='ltr'><strong>est:</strong></span> <span class='ocrx_word' id='word_1_31' title='bbox 1259 803 1298 868; x_wconf 82' lang='lat' dir='ltr'><strong>G.</strong></span> <span class='ocrx_word' id='word_1_32' title='bbox 1321 802 1415 885; x_wconf 89' lang='lat' dir='ltr'>XIII,</span> 
     </span>
     <span class='ocr_line' id='line_1_6' title="bbox 247 901 1415 987; baseline 0.003 -21"><span class='ocrx_word' id='word_1_33' title='bbox 247 902 277 985; x_wconf 86' lang='lat'><strong>2,</strong></span> <span class='ocrx_word' id='word_1_34' title='bbox 297 905 310 967; x_wconf 96' lang='lat' dir='ltr'><strong>l</strong></span> <span class='ocrx_word' id='word_1_35' title='bbox 338 901 420 970; x_wconf 82' lang='lat' dir='ltr'><strong>Oum</strong></span> <span class='ocrx_word' id='word_1_36' title='bbox 442 905 611 971; x_wconf 85' lang='lat' dir='ltr'><strong>Pacuvius</strong></span> <span class='ocrx_word' id='word_1_37' title='bbox 628 956 633 969; x_wconf 95' lang='lat'><strong>.</strong></span> <span class='ocrx_word' id='word_1_38' title='bbox 652 956 659 971; x_wconf 93' lang='lat'><strong>.</strong></span> <span class='ocrx_word' id='word_1_39' title='bbox 677 956 683 967; x_wconf 92' lang='lat'><strong>.</strong></span> <span class='ocrx_word' id='word_1_40' title='bbox 703 905 887 972; x_wconf 79' lang='lat' dir='ltr'><strong>Tarentum</strong></span> <span class='ocrx_word' id='word_1_41' title='bbox 910 926 951 970; x_wconf 82' lang='lat' dir='ltr'><strong>eu</strong></span> <span class='ocrx_word' id='word_1_42' title='bbox 972 905 1054 972; x_wconf 83' lang='lat' dir='ltr'><strong>arbe</strong></span> <span class='ocrx_word' id='word_1_43' title='bbox 1072 905 1179 972; x_wconf 82' lang='lat' dir='ltr'><strong>Roma</strong></span> <span class='ocrx_word' id='word_1_44' title='bbox 1201 905 1415 987; x_wconf 75' lang='lat' dir='ltr'><strong>concessisset,</strong></span> 
     </span>
     <span class='ocr_line' id='line_1_7' title="bbox 247 1007 1417 1092; baseline 0.003 -21"><span class='ocrx_word' id='word_1_45' title='bbox 247 1007 367 1073; x_wconf 86' lang='lat' dir='ltr'><strong>Accius</strong></span> <span class='ocrx_word' id='word_1_46' title='bbox 397 1013 475 1074; x_wconf 91' lang='lat' dir='ltr'><strong>tunc</strong></span> <span class='ocrx_word' id='word_1_47' title='bbox 502 1009 588 1075; x_wconf 79' lang='lat' dir='ltr'><strong>itaut</strong></span> <span class='ocrx_word' id='word_1_48' title='bbox 610 1029 714 1092; x_wconf 86' lang='lat' dir='ltr'><strong>parvo</strong></span> <span class='ocrx_word' id='word_1_49' title='bbox 741 1009 856 1075; x_wconf 88' lang='lat' dir='ltr'><strong>iunior</strong></span> <span class='ocrx_word' id='word_1_50' title='bbox 878 1008 1088 1091; x_wconf 71' lang='lat' dir='ltr'><strong>proficmcens</strong></span> <span class='ocrx_word' id='word_1_51' title='bbox 1115 1011 1155 1075; x_wconf 92' lang='lat' dir='ltr'><strong>in</strong></span> <span class='ocrx_word' id='word_1_52' title='bbox 1183 1009 1309 1090; x_wconf 86' lang='lat' dir='ltr'><strong>Asiam,</strong></span> <span class='ocrx_word' id='word_1_53' title='bbox 1344 1008 1417 1076; x_wconf 90' lang='lat' dir='ltr'><strong>cum</strong></span> 
     </span>
     <span class='ocr_line' id='line_1_8' title="bbox 245 1109 1416 1196; baseline 0.003 -21"><span class='ocrx_word' id='word_1_54' title='bbox 245 1109 284 1176; x_wconf 92' lang='lat' dir='ltr'><strong>in</strong></span> <span class='ocrx_word' id='word_1_55' title='bbox 311 1111 464 1194; x_wconf 82' lang='lat' dir='ltr'><strong>oppidum</strong></span> <span class='ocrx_word' id='word_1_56' title='bbox 491 1112 641 1192; x_wconf 84' lang='lat' dir='ltr'><strong>venisset,</strong></span> <span class='ocrx_word' id='word_1_57' title='bbox 671 1112 809 1176; x_wconf 82' lang='lat' dir='ltr'><strong>dmertit</strong></span> <span class='ocrx_word' id='word_1_58' title='bbox 837 1112 882 1178; x_wconf 84' lang='lat' dir='ltr'><strong>ad</strong></span> <span class='ocrx_word' id='word_1_59' title='bbox 905 1112 1091 1179; x_wconf 87' lang='lat' dir='ltr'><strong>Pacuuium</strong></span> <span class='ocrx_word' id='word_1_60' title='bbox 1118 1151 1160 1160; x_wconf 90' lang='lat'>—</span> <span class='ocrx_word' id='word_1_61' title='bbox 1188 1132 1246 1196; x_wconf 91' lang='lat' dir='ltr'><strong>pro</strong></span> <span class='ocrx_word' id='word_1_62' title='bbox 1274 1112 1329 1178; x_wconf 82' lang='lat' dir='ltr'><strong>Aa</strong></span> <span class='ocrx_word' id='word_1_63' title='bbox 1350 1112 1416 1178; x_wconf 90' lang='lat' dir='ltr'><strong>Pa-</strong></span> 
     </span>
     <span class='ocr_line' id='line_1_9' title="bbox 246 1213 1418 1298; baseline 0.001 -19"><span class='ocrx_word' id='word_1_64' title='bbox 246 1214 377 1280; x_wconf 87' lang='lat' dir='ltr'><strong>cuvium</strong></span> <span class='ocrx_word' id='word_1_65' title='bbox 394 1265 401 1279; x_wconf 89' lang='lat'>.</span> <span class='ocrx_word' id='word_1_66' title='bbox 420 1265 426 1279; x_wconf 94' lang='lat'><strong>.</strong></span> <span class='ocrx_word' id='word_1_67' title='bbox 444 1263 467 1296; x_wconf 92' lang='lat'><strong>.,</strong></span> <span class='ocrx_word' id='word_1_68' title='bbox 491 1215 549 1298; x_wconf 87' lang='lat' dir='ltr'><strong>qui</strong></span> <span class='ocrx_word' id='word_1_69' title='bbox 567 1213 751 1280; x_wconf 81' lang='lat' dir='ltr'><strong>Tarentum</strong></span> <span class='ocrx_word' id='word_1_70' title='bbox 766 1262 773 1277; x_wconf 87' lang='lat'><strong>.</strong></span> <span class='ocrx_word' id='word_1_71' title='bbox 791 1264 798 1279; x_wconf 91' lang='lat'><strong>.</strong></span> <span class='ocrx_word' id='word_1_72' title='bbox 816 1265 823 1279; x_wconf 91' lang='lat'><strong>.</strong></span> <span class='ocrx_word' id='word_1_73' title='bbox 840 1221 1049 1298; x_wconf 79' lang='lat' dir='ltr'><strong>concesserat,</strong></span> <span class='ocrx_word' id='word_1_74' title='bbox 1074 1216 1194 1282; x_wconf 84' lang='lat' dir='ltr'><strong>Accius</strong></span> <span class='ocrx_word' id='word_1_75' title='bbox 1210 1267 1216 1279; x_wconf 91' lang='lat'><strong>.</strong></span> <span class='ocrx_word' id='word_1_76' title='bbox 1235 1263 1242 1278; x_wconf 90' lang='lat'><strong>.</strong></span> <span class='ocrx_word' id='word_1_77' title='bbox 1260 1266 1266 1278; x_wconf 94' lang='lat'><strong>.</strong></span> <span class='ocrx_word' id='word_1_78' title='bbox 1283 1237 1357 1281; x_wconf 88' lang='lat' dir='ltr'><strong>cum</strong></span> <span class='ocrx_word' id='word_1_79' title='bbox 1379 1216 1418 1281; x_wconf 90' lang='lat' dir='ltr'><strong>in</strong></span> 
     </span>
     <span class='ocr_line' id='line_1_10' title="bbox 245 1317 1418 1403; baseline 0.002 -21"><span class='ocrx_word' id='word_1_80' title='bbox 245 1317 334 1383; x_wconf 85' lang='lat' dir='ltr'><strong>illud</strong></span> <span class='ocrx_word' id='word_1_81' title='bbox 355 1318 507 1401; x_wconf 81' lang='lat' dir='ltr'><strong>oppidana</strong></span> <span class='ocrx_word' id='word_1_82' title='bbox 530 1318 678 1402; x_wconf 86' lang='lat' dir='ltr'><strong>uenisset,</strong></span> <span class='ocrx_word' id='word_1_83' title='bbox 703 1318 841 1384; x_wconf 85' lang='lat' dir='ltr'><strong>devertit</strong></span> <span class='ocrx_word' id='word_1_84' title='bbox 864 1354 894 1385; x_wconf 73' lang='grc' dir='ltr'>ω</span> <span class='ocrx_word' id='word_1_85' title='bbox 919 1319 1021 1384; x_wconf 88' lang='lat' dir='ltr'><strong>Varro</strong></span> <span class='ocrx_word' id='word_1_86' title='bbox 1044 1320 1064 1384; x_wconf 94' lang='grc'><strong>1.</strong></span> <span class='ocrx_word' id='word_1_87' title='bbox 1081 1320 1101 1383; x_wconf 94' lang='grc'><strong>1.</strong></span> <span class='ocrx_word' id='word_1_88' title='bbox 1118 1320 1176 1402; x_wconf 89' lang='lat' dir='ltr'><strong>IX,</strong></span> <span class='ocrx_word' id='word_1_89' title='bbox 1194 1321 1235 1384; x_wconf 84' lang='lat'><strong>33</strong></span> <span class='ocrx_word' id='word_1_90' title='bbox 1258 1324 1418 1403; x_wconf 74' lang='lat' dir='ltr'><strong>pupnunt</strong></span> 
     </span>
     <span class='ocr_line' id='line_1_11' title="bbox 245 1421 1416 1508; baseline 0.002 -22"><span class='ocrx_word' id='word_1_91' title='bbox 245 1421 395 1502; x_wconf 81' lang='lat' dir='ltr'><strong>votsittis,</strong></span> <span class='ocrx_word' id='word_1_92' title='bbox 420 1441 489 1488; x_wconf 92' lang='lat' dir='ltr'><strong>non</strong></span> <span class='ocrx_word' id='word_1_93' title='bbox 509 1422 632 1506; x_wconf 76' lang='lat' dir='ltr'><strong>plodio,</strong></span> <span class='ocrx_word' id='word_1_94' title='bbox 657 1443 731 1487; x_wconf 91' lang='lat' dir='ltr'><strong>cum</strong></span> <span class='ocrx_word' id='word_1_95' title='bbox 748 1442 860 1505; x_wconf 84' lang='lat' dir='ltr'><strong>pauca</strong></span> <span class='ocrx_word' id='word_1_96' title='bbox 883 1427 1014 1505; x_wconf 77' lang='lat' dir='ltr'><strong>eccepto</strong></span> <span class='ocrx_word' id='word_1_97' title='bbox 1036 1422 1136 1488; x_wconf 83' lang='lat' dir='ltr'><strong>cerba</strong></span> <span class='ocrx_word' id='word_1_98' title='bbox 1158 1445 1199 1488; x_wconf 81' lang='lat' dir='ltr'><strong>ea</strong></span> <span class='ocrx_word' id='word_1_99' title='bbox 1213 1423 1335 1508; x_wconf 74' lang='lat' dir='ltr'><strong>Peiapo</strong></span> <span class='ocrx_word' id='word_1_100' title='bbox 1350 1443 1416 1488; x_wconf 87' lang='lat' dir='ltr'><strong>ser·</strong></span> 
     </span>
     <span class='ocr_line' id='line_1_12' title="bbox 246 1525 1416 1610; baseline 0.002 -20"><span class='ocrx_word' id='word_1_101' title='bbox 246 1525 352 1590; x_wconf 86' lang='lat' dir='ltr'><strong>monis</strong></span> <span class='ocrx_word' id='word_1_102' title='bbox 369 1525 485 1608; x_wconf 81' lang='lat' dir='ltr'><strong>populi</strong></span> <span class='ocrx_word' id='word_1_103' title='bbox 507 1525 619 1592; x_wconf 81' lang='lat' dir='ltr'><strong>minan</strong></span> <span class='ocrx_word' id='word_1_104' title='bbox 644 1525 725 1592; x_wconf 88' lang='lat' dir='ltr'><strong>trita</strong></span> <span class='ocrx_word' id='word_1_105' title='bbox 748 1525 906 1610; x_wconf 70' lang='lat' dir='ltr'><strong>effuant,</strong></span> <span class='ocrx_word' id='word_1_106' title='bbox 931 1547 1004 1592; x_wconf 87' lang='lat' dir='ltr'><strong>cum</strong></span> <span class='ocrx_word' id='word_1_107' title='bbox 1019 1525 1134 1592; x_wconf 86' lang='lat' dir='ltr'><strong>dicant</strong></span> <span class='ocrx_word' id='word_1_108' title='bbox 1144 1531 1316 1608; x_wconf 84' lang='lat' dir='ltr'><strong>propterea</strong></span> <span class='ocrx_word' id='word_1_109' title='bbox 1333 1546 1416 1592; x_wconf 89' lang='lat' dir='ltr'><strong>aaa·</strong></span> 
     </span>
     <span class='ocr_line' id='line_1_13' title="bbox 248 1627 1416 1713; baseline 0.002 -19"><span class='ocrx_word' id='word_1_110' title='bbox 248 1629 350 1713; x_wconf 74' lang='lat' dir='ltr'><strong>lopiac</strong></span> <span class='ocrx_word' id='word_1_111' title='bbox 371 1649 440 1695; x_wconf 93' lang='lat' dir='ltr'><strong>non</strong></span> <span class='ocrx_word' id='word_1_112' title='bbox 463 1649 528 1694; x_wconf 86' lang='lat' dir='ltr'><strong>esse</strong></span> <span class='ocrx_word' id='word_1_113' title='bbox 551 1667 591 1676; x_wconf 87' lang='lat'><em>-</em></span> <span class='ocrx_word' id='word_1_114' title='bbox 616 1627 702 1711; x_wconf 92' lang='lat' dir='ltr'><strong>quod</strong></span> <span class='ocrx_word' id='word_1_115' title='bbox 725 1629 809 1694; x_wconf 91' lang='lat' dir='ltr'><strong>alius</strong></span> <span class='ocrx_word' id='word_1_116' title='bbox 833 1629 970 1696; x_wconf 86' lang='lat' dir='ltr'><strong>dixisset</strong></span> <span class='ocrx_word' id='word_1_117' title='bbox 993 1651 1065 1695; x_wconf 90' lang='lat' dir='ltr'><strong>cam</strong></span> <span class='ocrx_word' id='word_1_118' title='bbox 1083 1634 1217 1713; x_wconf 80' lang='lat' dir='ltr'><strong>propter</strong></span> <span class='ocrx_word' id='word_1_119' title='bbox 1234 1651 1347 1713; x_wconf 87' lang='lat' dir='ltr'><strong>pauca</strong></span> <span class='ocrx_word' id='word_1_120' title='bbox 1363 1652 1416 1696; x_wconf 82' lang='lat' dir='ltr'><strong>aa·</strong></span> 
     </span>
     <span class='ocr_line' id='line_1_14' title="bbox 246 1732 1415 1818; baseline -0.001 -20"><span class='ocrx_word' id='word_1_121' title='bbox 246 1737 337 1816; x_wconf 86' lang='lat' dir='ltr'><strong>cepta</strong></span> <span class='ocrx_word' id='word_1_122' title='bbox 358 1732 457 1799; x_wconf 86' lang='lat' dir='ltr'><strong>verba</strong></span> <span class='ocrx_word' id='word_1_123' title='bbox 473 1782 480 1797; x_wconf 95' lang='lat'><strong>.</strong></span> <span class='ocrx_word' id='word_1_124' title='bbox 499 1783 505 1796; x_wconf 93' lang='lat'>.</span> <span class='ocrx_word' id='word_1_125' title='bbox 524 1783 530 1796; x_wconf 91' lang='lat'><em>.</em></span> <span class='ocrx_word' id='word_1_126' title='bbox 547 1733 659 1800; x_wconf 83' lang='lat' dir='ltr'><strong>minus</strong></span> <span class='ocrx_word' id='word_1_127' title='bbox 680 1732 762 1798; x_wconf 89' lang='lat' dir='ltr'><strong>trita</strong></span> <span class='ocrx_word' id='word_1_128' title='bbox 777 1734 886 1799; x_wconf 87' lang='lat' dir='ltr'><strong>allata</strong></span> <span class='ocrx_word' id='word_1_129' title='bbox 902 1734 1078 1818; x_wconf 74' lang='lat' dir='ltr'><strong>anatopias</strong></span> <span class='ocrx_word' id='word_1_130' title='bbox 1092 1754 1161 1799; x_wconf 90' lang='lat' dir='ltr'><strong>non</strong></span> <span class='ocrx_word' id='word_1_131' title='bbox 1176 1754 1243 1799; x_wconf 87' lang='lat' dir='ltr'><strong>esse</strong></span> <span class='ocrx_word' id='word_1_132' title='bbox 1258 1733 1415 1815; x_wconf 68' lang='lat' dir='ltr'><strong>dicuntll.</strong></span> 
     </span>
     <span class='ocr_line' id='line_1_15' title="bbox 246 1835 1416 1921; baseline 0 -20"><span class='ocrx_word' id='word_1_133' title='bbox 246 1835 1126 1921; x_wconf 75' lang='lat' dir='ltr'><strong>0f.iu.1.1.vl11,273x‚5;1·.r.11prol.633,6.</strong></span> <span class='ocrx_word' id='word_1_134' title='bbox 1171 1837 1416 1903; x_wconf 77' lang='lat' dir='ltr'><strong>Ouiadoua.</strong></span> 
     </span>
     <span class='ocr_line' id='line_1_16' title="bbox 245 1939 1418 2026; baseline 0.001 -23"><span class='ocrx_word' id='word_1_135' title='bbox 245 1939 275 2023; x_wconf 86' lang='lat'><strong>2,</strong></span> <span class='ocrx_word' id='word_1_136' title='bbox 295 1941 308 2003; x_wconf 92' lang='lat' dir='ltr'><strong>l</strong></span> <span class='ocrx_word' id='word_1_137' title='bbox 330 1943 429 2022; x_wconf 84' lang='lat' dir='ltr'><strong>pater</strong></span> <span class='ocrx_word' id='word_1_138' title='bbox 449 1939 603 2024; x_wconf 77' lang='lat' dir='ltr'><strong>familias</strong></span> <span class='ocrx_word' id='word_1_139' title='bbox 625 1939 683 2006; x_wconf 84' lang='lat' dir='ltr'><strong>ubi</strong></span> <span class='ocrx_word' id='word_1_140' title='bbox 707 1939 751 2005; x_wconf 82' lang='lat' dir='ltr'><strong>ad</strong></span> <span class='ocrx_word' id='word_1_141' title='bbox 764 1939 880 2006; x_wconf 85' lang='lat' dir='ltr'><strong>ailiam</strong></span> <span class='ocrx_word' id='word_1_142' title='bbox 895 1939 996 2021; x_wconf 86' lang='lat' dir='ltr'><strong>venit,</strong></span> <span class='ocrx_word' id='word_1_143' title='bbox 1021 1940 1079 2006; x_wconf 85' lang='lat' dir='ltr'><strong>abi</strong></span> <span class='ocrx_word' id='word_1_144' title='bbox 1096 1941 1198 2006; x_wconf 91' lang='lat' dir='ltr'><strong>larem</strong></span> <span class='ocrx_word' id='word_1_145' title='bbox 1212 1940 1418 2026; x_wconf 81' lang='lat' dir='ltr'><strong>familiarem</strong></span> 
     </span>
     <span class='ocr_line' id='line_1_17' title="bbox 245 2042 1419 2129; baseline 0 -21"><span class='ocrx_word' id='word_1_146' title='bbox 245 2043 416 2125; x_wconf 87' lang='lat' dir='ltr'><strong>salutauit,</strong></span> <span class='ocrx_word' id='word_1_147' title='bbox 444 2044 590 2129; x_wconf 80' lang='lat' dir='ltr'><strong>fundam</strong></span> <span class='ocrx_word' id='word_1_148' title='bbox 611 2094 617 2106; x_wconf 94' lang='lat'>.</span> <span class='ocrx_word' id='word_1_149' title='bbox 636 2091 668 2107; x_wconf 90' lang='lat'><strong>..</strong></span> <span class='ocrx_word' id='word_1_150' title='bbox 692 2044 878 2108; x_wconf 88' lang='lat' dir='ltr'><strong>circumeat.</strong></span> <span class='ocrx_word' id='word_1_151' title='bbox 907 2081 950 2091; x_wconf 91' lang='lat'><em>-</em></span> <span class='ocrx_word' id='word_1_152' title='bbox 977 2043 1015 2108; x_wconf 82' lang='lat' dir='ltr'><strong>G.</strong></span> <span class='ocrx_word' id='word_1_153' title='bbox 1032 2043 1091 2127; x_wconf 89' lang='lat' dir='ltr'><strong>XI,</strong></span> <span class='ocrx_word' id='word_1_154' title='bbox 1111 2044 1159 2127; x_wconf 86' lang='grc'><strong>16,</strong></span> <span class='ocrx_word' id='word_1_155' title='bbox 1178 2045 1198 2106; x_wconf 79' lang='grc'>4</span> <span class='ocrx_word' id='word_1_156' title='bbox 1224 2042 1316 2110; x_wconf 81' lang='lat' dir='ltr'><strong>nihil</strong></span> <span class='ocrx_word' id='word_1_157' title='bbox 1344 2048 1419 2108; x_wconf 90' lang='lat' dir='ltr'><strong>erat</strong></span> 
     </span>
     <span class='ocr_line' id='line_1_18' title="bbox 241 2146 1417 2231; baseline -0.001 -18"><span class='ocrx_word' id='word_1_158' title='bbox 241 2167 380 2230; x_wconf 83' lang='lat' dir='ltr'><strong>prorsas</strong></span> <span class='ocrx_word' id='word_1_159' title='bbox 402 2148 489 2229; x_wconf 84' lang='lat' dir='ltr'><strong>quod</strong></span> <span class='ocrx_word' id='word_1_160' title='bbox 511 2152 572 2213; x_wconf 91' lang='lat' dir='ltr'><strong>aut</strong></span> <span class='ocrx_word' id='word_1_161' title='bbox 593 2146 811 2213; x_wconf 86' lang='lat' dir='ltr'><strong>meminissem</strong></span> <span class='ocrx_word' id='word_1_162' title='bbox 836 2146 938 2231; x_wconf 75' lang='lat' dir='ltr'><strong>tepere</strong></span> <span class='ocrx_word' id='word_1_163' title='bbox 959 2168 1009 2212; x_wconf 91' lang='lat' dir='ltr'><strong>me</strong></span> <span class='ocrx_word' id='word_1_164' title='bbox 1031 2151 1100 2227; x_wconf 88' lang='lat' dir='ltr'><strong>aut,</strong></span> <span class='ocrx_word' id='word_1_165' title='bbox 1128 2147 1158 2212; x_wconf 89' lang='lat' dir='ltr'><strong>si</strong></span> <span class='ocrx_word' id='word_1_166' title='bbox 1181 2147 1280 2213; x_wconf 88' lang='lat' dir='ltr'><strong>etium</strong></span> <span class='ocrx_word' id='word_1_167' title='bbox 1302 2147 1417 2212; x_wconf 86' lang='lat' dir='ltr'><strong>uellem</strong></span> 
     </span>
     <span class='ocr_line' id='line_1_19' title="bbox 243 2249 1414 2335; baseline -0.001 -20"><span class='ocrx_word' id='word_1_168' title='bbox 243 2250 377 2334; x_wconf 74' lang='lat' dir='ltr'><strong>finpere,</strong></span> <span class='ocrx_word' id='word_1_169' title='bbox 401 2251 487 2333; x_wconf 86' lang='lat' dir='ltr'><strong>quod</strong></span> <span class='ocrx_word' id='word_1_170' title='bbox 508 2271 577 2316; x_wconf 91' lang='lat' dir='ltr'><strong>non</strong></span> <span class='ocrx_word' id='word_1_171' title='bbox 600 2249 778 2335; x_wconf 77' lang='lat' dir='ltr'><strong>insipniter</strong></span> <span class='ocrx_word' id='word_1_172' title='bbox 801 2269 953 2333; x_wconf 86' lang='lat' dir='ltr'><strong>asperum</strong></span> <span class='ocrx_word' id='word_1_173' title='bbox 977 2249 1221 2333; x_wconf 84' lang='lat' dir='ltr'><strong>absurdumque</strong></span> <span class='ocrx_word' id='word_1_174' title='bbox 1237 2255 1326 2332; x_wconf 87' lang='lat' dir='ltr'><strong>esset,</strong></span> <span class='ocrx_word' id='word_1_175' title='bbox 1350 2251 1414 2329; x_wconf 73' lang='lat' dir='ltr'><strong>si2)</strong></span> 
     </span>
     <span class='ocr_line' id='line_1_20' title="bbox 246 2352 1415 2439; baseline -0.001 -20"><span class='ocrx_word' id='word_1_176' title='bbox 246 2375 287 2420; x_wconf 84' lang='lat' dir='ltr'><strong>eu</strong></span> <span class='ocrx_word' id='word_1_177' title='bbox 301 2353 517 2434; x_wconf 85' lang='lat' dir='ltr'><strong>multitudine</strong></span> <span class='ocrx_word' id='word_1_178' title='bbox 534 2359 565 2418; x_wconf 91' lang='lat' dir='ltr'><strong>et</strong></span> <span class='ocrx_word' id='word_1_179' title='bbox 578 2354 706 2439; x_wconf 72' lang='lat' dir='ltr'><strong>necatio</strong></span> <span class='ocrx_word' id='word_1_180' title='bbox 721 2352 855 2419; x_wconf 73' lang='lat' dir='ltr'><strong>cabum</strong></span> <span class='ocrx_word' id='word_1_181' title='bbox 870 2373 975 2420; x_wconf 88' lang='lat' dir='ltr'><strong>unum</strong></span> <span class='ocrx_word' id='word_1_182' title='bbox 990 2353 1254 2438; x_wconf 68' lang='lat' dir='ltr'><strong>connumerem)</strong></span> <span class='ocrx_word' id='word_1_183' title='bbox 1280 2388 1310 2420; x_wconf 75' lang='grc' dir='ltr'>ω</span> <span class='ocrx_word' id='word_1_184' title='bbox 1335 2354 1415 2419; x_wconf 78' lang='lat' dir='ltr'><strong>(lato</strong></span> 
     </span>
     <span class='ocr_line' id='line_1_21' title="bbox 246 2457 1416 2540; baseline 0.001 -18"><span class='ocrx_word' id='word_1_185' title='bbox 246 2457 317 2540; x_wconf 87' lang='lat' dir='ltr'>LII,</span> <span class='ocrx_word' id='word_1_186' title='bbox 342 2458 400 2523; x_wconf 85' lang='lat' dir='ltr'><strong>II</strong></span> <span class='ocrx_word' id='word_1_187' title='bbox 430 2457 553 2524; x_wconf 88' lang='lat' dir='ltr'><strong>Audite</strong></span> <span class='ocrx_word' id='word_1_188' title='bbox 581 2458 680 2524; x_wconf 87' lang='lat' dir='ltr'><strong>sultis</strong></span> <span class='ocrx_word' id='word_1_189' title='bbox 706 2457 835 2539; x_wconf 88' lang='lat' dir='ltr'><strong>milites,</strong></span> <span class='ocrx_word' id='word_1_190' title='bbox 865 2458 894 2522; x_wconf 90' lang='lat' dir='ltr'><strong>si</strong></span> <span class='ocrx_word' id='word_1_191' title='bbox 922 2457 998 2540; x_wconf 88' lang='lat' dir='ltr'><strong>quis</strong></span> <span class='ocrx_word' id='word_1_192' title='bbox 1024 2461 1168 2523; x_wconf 86' lang='lat' dir='ltr'><strong>vestrum</strong></span> <span class='ocrx_word' id='word_1_193' title='bbox 1198 2457 1278 2524; x_wconf 85' lang='lat' dir='ltr'><strong>bello</strong></span> <span class='ocrx_word' id='word_1_194' title='bbox 1304 2478 1416 2540; x_wconf 86' lang='lat' dir='ltr'><strong>super-</strong></span> 
     </span>
     <span class='ocr_line' id='line_1_22' title="bbox 245 2560 1415 2646; baseline -0.003 -20"><span class='ocrx_word' id='word_1_195' title='bbox 245 2561 360 2645; x_wconf 85' lang='lat' dir='ltr'><strong>fuerit,</strong></span> <span class='ocrx_word' id='word_1_196' title='bbox 384 2560 414 2626; x_wconf 88' lang='lat' dir='ltr'><strong>si</strong></span> <span class='ocrx_word' id='word_1_197' title='bbox 436 2560 511 2642; x_wconf 88' lang='lat' dir='ltr'><strong>quis</strong></span> <span class='ocrx_word' id='word_1_198' title='bbox 532 2582 601 2627; x_wconf 92' lang='lat' dir='ltr'><strong>non</strong></span> <span class='ocrx_word' id='word_1_199' title='bbox 623 2560 792 2627; x_wconf 84' lang='lat' dir='ltr'><strong>invenerit</strong></span> <span class='ocrx_word' id='word_1_200' title='bbox 808 2561 996 2644; x_wconf 77' lang='lat' dir='ltr'><strong>pecaniam,</strong></span> <span class='ocrx_word' id='word_1_201' title='bbox 1021 2561 1137 2646; x_wconf 75' lang='lat' dir='ltr'><strong>epebit3</strong></span> <span class='ocrx_word' id='word_1_202' title='bbox 1162 2563 1263 2627; x_wconf 85' lang='lat' dir='ltr'><strong>Varro</strong></span> <span class='ocrx_word' id='word_1_203' title='bbox 1285 2561 1306 2626; x_wconf 97' lang='grc'><strong>1.</strong></span> <span class='ocrx_word' id='word_1_204' title='bbox 1321 2561 1341 2627; x_wconf 91' lang='grc'><strong>1.</strong></span> <span class='ocrx_word' id='word_1_205' title='bbox 1360 2560 1415 2644; x_wconf 93' lang='lat' dir='ltr'><strong>VI,</strong></span> 
     </span>
     <span class='ocr_line' id='line_1_23' title="bbox 245 2663 1415 2750; baseline -0.001 -21"><span class='ocrx_word' id='word_1_206' title='bbox 245 2665 286 2729; x_wconf 84' lang='lat'><strong>37</strong></span> <span class='ocrx_word' id='word_1_207' title='bbox 310 2684 414 2747; x_wconf 89' lang='lat' dir='ltr'><strong>quare</strong></span> <span class='ocrx_word' id='word_1_208' title='bbox 435 2664 465 2729; x_wconf 89' lang='lat' dir='ltr'><strong>si</strong></span> <span class='ocrx_word' id='word_1_209' title='bbox 487 2663 561 2747; x_wconf 87' lang='lat' dir='ltr'><strong>quis</strong></span> <span class='ocrx_word' id='word_1_210' title='bbox 578 2665 855 2750; x_wconf 76' lang='lat' dir='ltr'><strong>primipeniorum</strong></span> <span class='ocrx_word' id='word_1_211' title='bbox 877 2665 1049 2731; x_wconf 77' lang='lat' dir='ltr'><strong>amborum</strong></span> <span class='ocrx_word' id='word_1_212' title='bbox 1069 2665 1213 2750; x_wconf 76' lang='lat' dir='ltr'><strong>oripines</strong></span> <span class='ocrx_word' id='word_1_213' title='bbox 1228 2663 1415 2745; x_wconf 82' lang='lat' dir='ltr'><strong>ostenderit,</strong></span> 
     </span>
     <span class='ocr_line' id='line_1_24' title="bbox 246 2767 1416 2853; baseline 0 -21"><span class='ocrx_word' id='word_1_214' title='bbox 246 2768 275 2832; x_wconf 87' lang='lat' dir='ltr'><strong>si</strong></span> <span class='ocrx_word' id='word_1_215' title='bbox 298 2788 337 2832; x_wconf 89' lang='lat' dir='ltr'><strong>ea</strong></span> <span class='ocrx_word' id='word_1_216' title='bbox 359 2767 450 2832; x_wconf 90' lang='lat' dir='ltr'><strong>mille</strong></span> <span class='ocrx_word' id='word_1_217' title='bbox 470 2771 574 2833; x_wconf 88' lang='lat' dir='ltr'><strong>sunt.</strong></span> <span class='ocrx_word' id='word_1_218' title='bbox 593 2818 625 2832; x_wconf 90' lang='lat'><strong>..</strong></span> <span class='ocrx_word' id='word_1_219' title='bbox 652 2806 694 2814; x_wconf 94' lang='lat'><strong>—</strong></span> <span class='ocrx_word' id='word_1_220' title='bbox 724 2768 912 2853; x_wconf 77' lang='lat' dir='ltr'><strong>Complures</strong></span> <span class='ocrx_word' id='word_1_221' title='bbox 935 2769 1172 2834; x_wconf 85' lang='lat' dir='ltr'><strong>enuntiationes</strong></span> <span class='ocrx_word' id='word_1_222' title='bbox 1194 2768 1351 2834; x_wconf 84' lang='lat' dir='ltr'><strong>relativae</strong></span> <span class='ocrx_word' id='word_1_223' title='bbox 1374 2768 1416 2832; x_wconf 88' lang='lat' dir='ltr'><strong>ab</strong></span> 
     </span>
     <span class='ocr_line' id='line_1_25' title="bbox 247 2869 1415 2956; baseline -0.002 -20"><span class='ocrx_word' id='word_1_224' title='bbox 247 2891 309 2936; x_wconf 92' lang='lat' dir='ltr'><strong>uno</strong></span> <span class='ocrx_word' id='word_1_225' title='bbox 339 2870 543 2937; x_wconf 88' lang='lat' dir='ltr'><strong>substantivo</strong></span> <span class='ocrx_word' id='word_1_226' title='bbox 572 2869 767 2956; x_wconf 91' lang='lat' dir='ltr'><strong>dependent,</strong></span> <span class='ocrx_word' id='word_1_227' title='bbox 795 2871 830 2936; x_wconf 92' lang='lat' dir='ltr'><strong>id</strong></span> <span class='ocrx_word' id='word_1_228' title='bbox 857 2871 941 2954; x_wconf 89' lang='lat' dir='ltr'><strong>qnod</strong></span> <span class='ocrx_word' id='word_1_229' title='bbox 966 2871 1078 2956; x_wconf 91' lang='lat' dir='ltr'><strong>optimi</strong></span> <span class='ocrx_word' id='word_1_230' title='bbox 1100 2871 1274 2956; x_wconf 87' lang='lat' dir='ltr'><strong>scriptores</strong></span> <span class='ocrx_word' id='word_1_231' title='bbox 1296 2871 1415 2936; x_wconf 88' lang='lat' dir='ltr'><strong>vitant:</strong></span> 
     </span>
     <span class='ocr_line' id='line_1_26' title="bbox 247 2973 1416 3059; baseline -0.004 -19"><span class='ocrx_word' id='word_1_232' title='bbox 247 2974 285 3040; x_wconf 83' lang='lat' dir='ltr'><strong>G.</strong></span> <span class='ocrx_word' id='word_1_233' title='bbox 304 2975 346 3057; x_wconf 92' lang='lat' dir='ltr'><strong>lI,</strong></span> <span class='ocrx_word' id='word_1_234' title='bbox 364 2974 416 3056; x_wconf 84' lang='lat'><strong>20,</strong></span> <span class='ocrx_word' id='word_1_235' title='bbox 433 2975 453 3037; x_wconf 86' lang='lat'>4</span> <span class='ocrx_word' id='word_1_236' title='bbox 474 2973 611 3040; x_wconf 80' lang='lat' dir='ltr'><strong>Vinaria</strong></span> <span class='ocrx_word' id='word_1_237' title='bbox 634 2979 744 3041; x_wconf 88' lang='lat' dir='ltr'><strong>autem</strong></span> <span class='ocrx_word' id='word_1_238' title='bbox 767 2996 851 3058; x_wconf 83' lang='lat' dir='ltr'><strong>quae</strong></span> <span class='ocrx_word' id='word_1_239' title='bbox 867 2995 960 3041; x_wconf 88' lang='lat' dir='ltr'><strong>nunc</strong></span> <span class='ocrx_word' id='word_1_240' title='bbox 975 2975 1089 3059; x_wconf 75' lang='lat' dir='ltr'><strong>colpus</strong></span> <span class='ocrx_word' id='word_1_241' title='bbox 1104 2974 1193 3056; x_wconf 85' lang='lat' dir='ltr'><strong>dicit,</strong></span> <span class='ocrx_word' id='word_1_242' title='bbox 1217 2994 1296 3057; x_wconf 86' lang='lat' dir='ltr'><strong>quos</strong></span> <span class='ocrx_word' id='word_1_243' title='bbox 1318 2999 1416 3058; x_wconf 78' lang='lat' dir='ltr'><strong>capc-</strong></span> 
     </span>
     <span class='ocr_line' id='line_1_27' title="bbox 248 3076 1420 3162; baseline 0.002 -22"><span class='ocrx_word' id='word_1_244' title='bbox 248 3079 366 3146; x_wconf 58' lang='grc' dir='ltr'>δείσους</span> <span class='ocrx_word' id='word_1_245' title='bbox 392 3076 513 3144; x_wconf 77' lang='lat' dir='ltr'><strong>Graeci</strong></span> <span class='ocrx_word' id='word_1_246' title='bbox 540 3079 719 3161; x_wconf 78' lang='lat' dir='ltr'><strong>appellent,</strong></span> <span class='ocrx_word' id='word_1_247' title='bbox 749 3099 834 3161; x_wconf 86' lang='lat' dir='ltr'><strong>qaae</strong></span> <span class='ocrx_word' id='word_1_248' title='bbox 864 3077 1028 3162; x_wconf 84' lang='lat' dir='ltr'><strong>leporario</strong></span> <span class='ocrx_word' id='word_1_249' title='bbox 1050 3078 1154 3144; x_wconf 91' lang='lat' dir='ltr'><strong>Varro</strong></span> <span class='ocrx_word' id='word_1_250' title='bbox 1181 3078 1302 3159; x_wconf 61' lang='lat' dir='ltr'><strong>auter),</strong></span> <span class='ocrx_word' id='word_1_251' title='bbox 1333 3077 1420 3144; x_wconf 81' lang='lat' dir='ltr'><strong>haut</strong></span> 
     </span>
     <span class='ocr_line' id='line_1_28' title="bbox 246 3181 1416 3266; baseline -0.001 -20"><span class='ocrx_word' id='word_1_252' title='bbox 246 3202 386 3264; x_wconf 81' lang='lat' dir='ltr'><strong>aequuum</strong></span> <span class='ocrx_word' id='word_1_253' title='bbox 419 3182 553 3248; x_wconf 90' lang='lat' dir='ltr'><strong>memini</strong></span> <span class='ocrx_word' id='word_1_254' title='bbox 587 3183 677 3265; x_wconf 83' lang='lat' dir='ltr'><strong>apud</strong></span> <span class='ocrx_word' id='word_1_255' title='bbox 708 3182 899 3248; x_wconf 86' lang='lat' dir='ltr'><strong>vetustiores</strong></span> <span class='ocrx_word' id='word_1_256' title='bbox 933 3182 1089 3265; x_wconf 83' lang='lat' dir='ltr'><strong>scriptum</strong></span> <span class='ocrx_word' id='word_1_257' title='bbox 1128 3181 1228 3266; x_wconf 85' lang='lat' dir='ltr'><strong>(quod</strong></span> <span class='ocrx_word' id='word_1_258' title='bbox 1262 3182 1416 3248; x_wconf 88' lang='lat' dir='ltr'><strong>Varronis</strong></span> 
     </span>
     <span class='ocr_line' id='line_1_29' title="bbox 246 3284 1416 3370; baseline -0.001 -20"><span class='ocrx_word' id='word_1_259' title='bbox 246 3304 318 3350; x_wconf 91' lang='lat' dir='ltr'><strong>esse</strong></span> <span class='ocrx_word' id='word_1_260' title='bbox 341 3285 411 3369; x_wconf 93' lang='lat' dir='ltr'><strong>ipse</strong></span> <span class='ocrx_word' id='word_1_261' title='bbox 433 3285 563 3351; x_wconf 89' lang='lat' dir='ltr'><strong>videtur</strong></span> <span class='ocrx_word' id='word_1_262' title='bbox 584 3285 707 3370; x_wconf 86' lang='lat' dir='ltr'><strong>dicere)</strong></span> <span class='ocrx_word' id='word_1_263' title='bbox 732 3320 762 3351; x_wconf 68' lang='grc' dir='ltr'>ω</span> <span class='ocrx_word' id='word_1_264' title='bbox 786 3286 889 3351; x_wconf 87' lang='lat' dir='ltr'><strong>Varro</strong></span> <span class='ocrx_word' id='word_1_265' title='bbox 912 3285 1101 3369; x_wconf 80' lang='lat' dir='ltr'><strong>1.1.V,147</strong></span> <span class='ocrx_word' id='word_1_266' title='bbox 1127 3284 1280 3368; x_wconf 83' lang='lat' dir='ltr'><strong>quodibi</strong></span> <span class='ocrx_word' id='word_1_267' title='bbox 1303 3286 1416 3351; x_wconf 82' lang='lat' dir='ltr'><strong>domm</strong></span> 
     </span>
     <span class='ocr_line' id='line_1_30' title="bbox 245 3388 1418 3474; baseline 0.002 -22"><span class='ocrx_word' id='word_1_268' title='bbox 245 3388 360 3472; x_wconf 75' lang='lat' dir='ltr'><strong>faerit,</strong></span> <span class='ocrx_word' id='word_1_269' title='bbox 389 3388 444 3454; x_wconf 89' lang='lat' dir='ltr'><strong>cui</strong></span> <span class='ocrx_word' id='word_1_270' title='bbox 473 3409 646 3473; x_wconf 80' lang='lat' dir='ltr'><strong>capnomen</strong></span> <span class='ocrx_word' id='word_1_271' title='bbox 673 3388 780 3474; x_wconf 82' lang='lat' dir='ltr'><strong>fuerit</strong></span> <span class='ocrx_word' id='word_1_272' title='bbox 801 3388 1008 3469; x_wconf 84' lang='lat' dir='ltr'><strong>Marcellum,</strong></span> <span class='ocrx_word' id='word_1_273' title='bbox 1039 3409 1124 3472; x_wconf 84' lang='lat' dir='ltr'><strong>quae</strong></span> <span class='ocrx_word' id='word_1_274' title='bbox 1149 3389 1196 3454; x_wconf 84' lang='lat' dir='ltr'><strong>ibi</strong></span> <span class='ocrx_word' id='word_1_275' title='bbox 1220 3388 1351 3472; x_wconf 82' lang='lat' dir='ltr'><strong>publice</strong></span> <span class='ocrx_word' id='word_1_276' title='bbox 1373 3388 1418 3454; x_wconf 88' lang='lat' dir='ltr'><strong>sit</strong></span> 
     </span>
    </p>
   </div>
   <div class='ocr_carea' id='block_1_3' title="bbox 246 3491 1416 3678">
    <p class='ocr_par' dir='ltr' id='par_1_3' title="bbox 246 3491 1416 3678">
     <span class='ocr_line' id='line_1_31' title="bbox 247 3491 1416 3576; baseline 0.002 -20"><span class='ocrx_word' id='word_1_277' title='bbox 247 3491 371 3573; x_wconf 86' lang='lat' dir='ltr'><strong>diruta,</strong></span> <span class='ocrx_word' id='word_1_278' title='bbox 396 3513 412 3556; x_wconf 89' lang='lat' dir='ltr'><strong>e</strong></span> <span class='ocrx_word' id='word_1_279' title='bbox 435 3512 502 3574; x_wconf 87' lang='lat' dir='ltr'><strong>qua</strong></span> <span class='ocrx_word' id='word_1_280' title='bbox 525 3491 733 3574; x_wconf 70' lang='lat' dir='ltr'><strong>aedificatum</strong></span> <span class='ocrx_word' id='word_1_281' title='bbox 753 3491 820 3572; x_wconf 80' lang='lat' dir='ltr'><strong>hoc,</strong></span> <span class='ocrx_word' id='word_1_282' title='bbox 845 3493 930 3576; x_wconf 85' lang='lat' dir='ltr'><strong>quod</strong></span> <span class='ocrx_word' id='word_1_283' title='bbox 943 3495 1080 3558; x_wconf 83' lang='lat' dir='ltr'><strong>uocatur</strong></span> <span class='ocrx_word' id='word_1_284' title='bbox 1096 3491 1136 3558; x_wconf 85' lang='lat' dir='ltr'><strong>ab</strong></span> <span class='ocrx_word' id='word_1_285' title='bbox 1153 3513 1187 3558; x_wconf 90' lang='lat' dir='ltr'><strong>eo</strong></span> <span class='ocrx_word' id='word_1_286' title='bbox 1202 3491 1416 3574; x_wconf 67' lang='lat' dir='ltr'><strong>Marcellum,</strong></span> 
     </span>
     <span class='ocr_line' id='line_1_32' title="bbox 246 3594 543 3678; baseline -0.003 -17"><span class='ocrx_word' id='word_1_287' title='bbox 246 3595 285 3661; x_wconf 84' lang='lat' dir='ltr'><strong>of.</strong></span> <span class='ocrx_word' id='word_1_288' title='bbox 310 3595 330 3660; x_wconf 91' lang='lat' dir='ltr'><strong>l.</strong></span> <span class='ocrx_word' id='word_1_289' title='bbox 347 3594 367 3659; x_wconf 88' lang='lat' dir='ltr'><strong>l.</strong></span> <span class='ocrx_word' id='word_1_290' title='bbox 384 3594 474 3678; x_wconf 89' lang='lat' dir='ltr'><strong>VIII,</strong></span> <span class='ocrx_word' id='word_1_291' title='bbox 492 3595 543 3660; x_wconf 76' lang='lat' dir='ltr'><strong>lo.</strong></span> 
     </span>
    </p>
   </div>
   <div class='ocr_carea' id='block_1_4' title="bbox 246 3713 1416 3904">
    <p class='ocr_par' dir='ltr' id='par_1_4' title="bbox 246 3713 1416 3904">
     <span class='ocr_line' id='line_1_33' title="bbox 311 3713 1416 3800; baseline 0 -21"><span class='ocrx_word' id='word_1_292' title='bbox 311 3717 331 3796; x_wconf 67' lang='grc' dir='ltr'>ξ</span> <span class='ocrx_word' id='word_1_293' title='bbox 363 3715 412 3780; x_wconf 88' lang='grc'><strong>18.</strong></span> <span class='ocrx_word' id='word_1_294' title='bbox 464 3713 665 3798; x_wconf 83' lang='lat' dir='ltr'><strong>Quamquam</strong></span> <span class='ocrx_word' id='word_1_295' title='bbox 694 3715 806 3781; x_wconf 82' lang='lat' dir='ltr'><strong>Cicero</strong></span> <span class='ocrx_word' id='word_1_296' title='bbox 835 3723 868 3780; x_wconf 92' lang='lat' dir='ltr'><strong>et</strong></span> <span class='ocrx_word' id='word_1_297' title='bbox 897 3715 1010 3799; x_wconf 91' lang='lat' dir='ltr'><strong>optimi</strong></span> <span class='ocrx_word' id='word_1_298' title='bbox 1039 3715 1212 3800; x_wconf 86' lang='lat' dir='ltr'><strong>scriptores</strong></span> <span class='ocrx_word' id='word_1_299' title='bbox 1241 3716 1354 3798; x_wconf 88' lang='lat' dir='ltr'><strong>reliqui</strong></span> <span class='ocrx_word' id='word_1_300' title='bbox 1381 3715 1416 3780; x_wconf 92' lang='lat' dir='ltr'><strong>id</strong></span> 
     </span>
     <span class='ocr_line' id='line_1_34' title="bbox 246 3818 1416 3904; baseline 0 -20"><span class='ocrx_word' id='word_1_301' title='bbox 246 3824 348 3901; x_wconf 87' lang='lat' dir='ltr'><strong>agunt</strong></span> <span class='ocrx_word' id='word_1_302' title='bbox 381 3837 422 3883; x_wconf 90' lang='lat' dir='ltr'><strong>ne</strong></span> <span class='ocrx_word' id='word_1_303' title='bbox 451 3818 630 3884; x_wconf 89' lang='lat' dir='ltr'><strong>subiectum</strong></span> <span class='ocrx_word' id='word_1_304' title='bbox 658 3819 790 3904; x_wconf 87' lang='lat' dir='ltr'><strong>saepius</strong></span> <span class='ocrx_word' id='word_1_305' title='bbox 820 3825 1041 3902; x_wconf 89' lang='lat' dir='ltr'><strong>commutetur,</strong></span> <span class='ocrx_word' id='word_1_306' title='bbox 1075 3839 1172 3903; x_wconf 87' lang='lat' dir='ltr'><strong>quam</strong></span> <span class='ocrx_word' id='word_1_307' title='bbox 1201 3818 1245 3884; x_wconf 89' lang='lat' dir='ltr'><strong>ad</strong></span> <span class='ocrx_word' id='word_1_308' title='bbox 1273 3839 1339 3884; x_wconf 92' lang='lat' dir='ltr'><strong>rem</strong></span> <span class='ocrx_word' id='word_1_309' title='bbox 1368 3820 1416 3885; x_wconf 92' lang='lat' dir='ltr'><strong>eis</strong></span> 
     </span>
    </p>
   </div>
   <div class='ocr_carea' id='block_1_5' title="bbox 315 4086 1416 4332">
    <p class='ocr_par' dir='ltr' id='par_1_5' title="bbox 315 4086 1416 4332">
     <span class='ocr_line' id='line_1_35' title="bbox 316 4086 693 4157; baseline -0.005 -14"><span class='ocrx_word' id='word_1_310' title='bbox 316 4092 336 4156; x_wconf 84' lang='lat'><strong>1)</strong></span> <span class='ocrx_word' id='word_1_311' title='bbox 356 4088 398 4143; x_wconf 87' lang='lat' dir='ltr'><strong>Cf.</strong></span> <span class='ocrx_word' id='word_1_312' title='bbox 416 4086 576 4157; x_wconf 86' lang='lat' dir='ltr'><strong>Altenburg</strong></span> <span class='ocrx_word' id='word_1_313' title='bbox 593 4105 620 4156; x_wconf 89' lang='lat' dir='ltr'><strong>p.</strong></span> <span class='ocrx_word' id='word_1_314' title='bbox 634 4093 693 4147; x_wconf 79' lang='lat'>510.</span> 
     </span>
     <span class='ocr_line' id='line_1_36' title="bbox 317 4173 648 4247; baseline -0.003 -18"><span class='ocrx_word' id='word_1_315' title='bbox 317 4178 337 4242; x_wconf 73' lang='lat'><strong>²)</strong></span> <span class='ocrx_word' id='word_1_316' title='bbox 356 4174 454 4247; x_wconf 81' lang='lat' dir='ltr'><strong>(uelut)</strong></span> <span class='ocrx_word' id='word_1_317' title='bbox 473 4174 498 4228; x_wconf 86' lang='lat' dir='ltr'><strong>si</strong></span> <span class='ocrx_word' id='word_1_318' title='bbox 517 4173 648 4228; x_wconf 84' lang='lat' dir='ltr'><strong>Skutsch.</strong></span> 
     </span>
     <span class='ocr_line' id='line_1_37' title="bbox 315 4261 1416 4332; baseline 0.003 -17"><span class='ocrx_word' id='word_1_319' title='bbox 315 4265 336 4330; x_wconf 61' lang='grc' dir='ltr'><strong>Β)</strong></span> <span class='ocrx_word' id='word_1_320' title='bbox 354 4261 484 4316; x_wconf 88' lang='lat' dir='ltr'><strong>Rectius:</strong></span> <span class='ocrx_word' id='word_1_321' title='bbox 503 4264 553 4314; x_wconf 90' lang='lat' dir='ltr'><strong>cut</strong></span> <span class='ocrx_word' id='word_1_322' title='bbox 570 4262 596 4314; x_wconf 88' lang='lat' dir='ltr'><strong>si</strong></span> <span class='ocrx_word' id='word_1_323' title='bbox 614 4262 699 4315; x_wconf 89' lang='lat' dir='ltr'><strong>etiam</strong></span> <span class='ocrx_word' id='word_1_324' title='bbox 717 4262 814 4316; x_wconf 86' lang='lat' dir='ltr'><strong>uellem</strong></span> <span class='ocrx_word' id='word_1_325' title='bbox 831 4263 936 4332; x_wconf 67' lang='lat' dir='ltr'><strong>{inpare</strong></span> <span class='ocrx_word' id='word_1_326' title='bbox 954 4265 1067 4317; x_wconf 88' lang='lat' dir='ltr'><strong>uerbum</strong></span> <span class='ocrx_word' id='word_1_327' title='bbox 1086 4281 1173 4318; x_wconf 89' lang='lat' dir='ltr'><strong>anum</strong></span> <span class='ocrx_word' id='word_1_328' title='bbox 1188 4282 1222 4318; x_wconf 80' lang='lat' dir='ltr'><strong>aa</strong></span> <span class='ocrx_word' id='word_1_329' title='bbox 1234 4263 1416 4318; x_wconf 85' lang='lat' dir='ltr'><strong>multitudine</strong></span> 
     </span>
    </p>
   </div>
   <div class='ocr_carea' id='block_1_6' title="bbox 247 4349 1237 4506">
    <p class='ocr_par' dir='ltr' id='par_1_6' title="bbox 247 4349 1237 4506">
     <span class='ocr_line' id='line_1_38' title="bbox 247 4349 1237 4419; baseline -0.001 -13"><span class='ocrx_word' id='word_1_330' title='bbox 247 4351 273 4403; x_wconf 84' lang='lat' dir='ltr'><strong>et</strong></span> <span class='ocrx_word' id='word_1_331' title='bbox 289 4349 399 4419; x_wconf 72' lang='lat' dir='ltr'><strong>nepotio</strong></span> <span class='ocrx_word' id='word_1_332' title='bbox 419 4351 598 4417; x_wconf 84' lang='lat' dir='ltr'><strong>compactum,</strong></span> <span class='ocrx_word' id='word_1_333' title='bbox 617 4350 690 4418; x_wconf 86' lang='lat' dir='ltr'><strong>quod</strong></span> <span class='ocrx_word' id='word_1_334' title='bbox 708 4367 765 4404; x_wconf 87' lang='lat' dir='ltr'><strong>aon</strong></span> <span class='ocrx_word' id='word_1_335' title='bbox 783 4366 914 4419; x_wconf 79' lang='lat' dir='ltr'><strong>asperum</strong></span> <span class='ocrx_word' id='word_1_336' title='bbox 932 4351 1138 4419; x_wconf 79' lang='lat' dir='ltr'><strong>absurdumque</strong></span> <span class='ocrx_word' id='word_1_337' title='bbox 1157 4354 1237 4406; x_wconf 86' lang='lat' dir='ltr'><strong>esset.</strong></span> 
     </span>
     <span class='ocr_line' id='line_1_39' title="bbox 314 4435 758 4506; baseline -0.005 -14"><span class='ocrx_word' id='word_1_338' title='bbox 314 4437 336 4503; x_wconf 69' lang='grc'><strong>4)</strong></span> <span class='ocrx_word' id='word_1_339' title='bbox 357 4436 434 4506; x_wconf 73' lang='lat' dir='ltr'><strong>Quae</strong></span> <span class='ocrx_word' id='word_1_340' title='bbox 455 4466 486 4474; x_wconf 99' lang='lat'>-</span> <span class='ocrx_word' id='word_1_341' title='bbox 505 4435 574 4490; x_wconf 86' lang='lat' dir='ltr'><strong>dicit</strong></span> <span class='ocrx_word' id='word_1_342' title='bbox 592 4436 645 4492; x_wconf 91' lang='lat' dir='ltr'><strong>del.</strong></span> <span class='ocrx_word' id='word_1_343' title='bbox 664 4437 758 4492; x_wconf 86' lang='lat' dir='ltr'><strong>Hertz.</strong></span> 
     </span>
    </p>
   </div>
   <div class='ocr_carea' id='block_1_7' title="bbox 0 0 1585 4926">
    <p class='ocr_par' dir='ltr' id='par_1_7' title="bbox 0 0 1585 4926">
     <span class='ocr_line' id='line_1_40' title="bbox 0 0 1585 4926; baseline 0 0"><span class='ocrx_word' id='word_1_344' title='bbox 0 0 1585 4926; x_wconf 95' lang='lat' dir='ltr'><strong> </strong></span> 
     </span>
    </p>
   </div>
  </div>
 </body>
</html>
