3154 4926
706 348 725 412 9

128 525 240 587 autem
264 523 348 586 ‘cum
368 519 469 602 parti'
495 521 616 604 lequut,
647 523 814 602 tamquam
838 520 1037 586 declinatum
1060 519 1105 584 sit
1126 519 1223 602 quasi
1245 539 1295 584 uo-

129 624 294 704 cabulum,
319 644 386 690 uou
407 623 529 689 dietum
550 622 647 707 quasi
670 623 869 689 adverbium.
900 623 1046 688 Eandem
1063 623 1195 688 Catonis
1211 625 1293 688 loeu-

129 730 249 794 tionem
272 727 361 812 apud
385 727 524 792 Gellium
547 727 653 811 ipsum
675 727 812 809 legimus
834 727 888 808 VI,
907 729 936 811 3,
953 729 987 793 6:
1017 748 1153 811 cumque
1170 726 1297 810 partim

128 836 319 897 seuatorum
334 831 372 896 de
389 829 633 896 Rhodiensibus
649 834 866 914 quererentur
874 833 897 909 1)
914 851 976 913 quo
992 830 1025 894 in
1041 831 1148 914 capite
1164 829 1297 895 (tatonis

129 955 175 999 or.
197 954 255 1019 pro
278 932 381 999 Rhod.
405 933 528 998 laudat.
577 935 649 1000 Huc
675 933 880 999 referendum
903 939 953 999 est
975 933 1072 998 etiam
1095 934 1154 1016 Ill,
1175 931 1296 1017 16,16ι

77 1113 80 1118 ¹
123 1037 252 1120 partim
274 1058 385 1103 eorum
407 1036 632 1118 disputabant.

194 1143 276 1206 Item
304 1141 438 1222 Gellius,
466 1140 521 1223 qui
551 1140 607 1225 (X,
626 1141 680 1220 24)
711 1140 878 1224 diequiute
907 1146 940 1206 et
974 1140 1139 1223 diequiuti
1167 1138 1296 1226 formas,

128 1265 323 1328 quamquam
347 1244 459 1310 Cicero
483 1249 516 1308 et
538 1243 704 1327 Augustus
732 1244 771 1310 iis
801 1249 941 1326 utantur,
973 1249 1081 1309 tamen
1104 1243 1297 1309 vetustiores

128 1368 202 1415 esse
225 1348 312 1432 dicit,
337 1367 377 1413 ex
400 1354 509 1413 vetere
532 1347 627 1413 odiet.
644 1353 746 1432 praet.
772 1347 826 1426 (de
849 1347 1087 1432 compitalibus)
1111 1346 1255 1428 diemout,
1279 1367 1298 1412 e

128 1452 306 1536 Pomponio
328 1451 554 1518 atellaniarum
575 1452 730 1536 scriptore
747 1450 789 1532 (v.
808 1451 849 1516 77
864 1452 924 1535 Rs)
950 1450 1129 1534 diequarte,
1154 1451 1298 1516 eCoelio

130 1556 181 1642 (tr.
199 1555 239 1620 25
255 1555 295 1634 P)
319 1554 493 1639 diequinti,
516 1574 534 1620 e
551 1554 673 1621 Catone
690 1559 732 1639 (p.
749 1555 800 1638 21,
818 1556 837 1619 2
853 1555 887 1634 J)
910 1553 1074 1638 diequiuti
1090 1554 1185 1620 aflert
1200 1560 1297 1637 atque
1420 1548 1422 1552 ’

131 1659 244 1725 eodem
273 1659 370 1725 modo
399 1658 451 1724 dic
468 1657 611 1742 pristiui
634 1657 697 1723 diei
720 1658 798 1724 vult.
828 1658 1036 1740 Similemque
1065 1657 1199 1724 formam
1228 1660 1299 1742 ipse
1408 1691 1411 1698 ·

130 1768 267 1848 usurpat
282 1763 324 1847 ll,
346 1763 433 1843 29,7
457 1763 509 1828 die
531 1760 717 1847 arastiui2),
742 1781 824 1845 quae
847 1782 911 1827 non
934 1761 995 1826 nisi
1018 1761 1050 1825 in
1073 1761 1182 1827 Plauti
1204 1761 1297 1827 Most.

132 1865 193 1934 881
219 1872 252 1930 et
273 1865 362 1950 apud
385 1865 527 1932 Maerob.
551 1865 619 1932 Sat.
643 1866 668 1947 I,
691 1868 720 1948 3,
746 1865 784 1930 16
808 1864 976 1948 invenitur,
1007 1863 1060 1947 qui
1090 1864 1220 1947 quidem
1248 1863 1300 1929 hio

133 1989 261 2054 quoque
277 1969 415 2035 Gellium
437 1969 581 2054 imitatus
601 1988 673 2036 esse
696 1967 772 2034 mihi
788 1967 925 2034 videtur.
965 1967 1013 2032 cf.
1029 1968 1299 2050 Neue-Wagener

131 2074 236 2157 11³p.
262 2072 335 2157 osa,
359 2043 687 2138 strattona.
711 2072 785 2138 ser.
1122 2147 1124 2151 y

195 2175 226 2240 A
253 2176 370 2260 quibus
397 2176 544 2241 omnibns
573 2175 655 2242 haec
682 2195 809 2259 quoque
838 2174 913 2240 mihi
944 2195 1015 2241 cum
1044 2173 1206 2256 Hertnio³)
1235 2195 1299 2240 non

132 2281 239 2345 aliena
273 2279 424 2346 videntur
457 2299 539 2346 esse.
593 2280 714 2344 Fronto
747 2278 932 2362 aliquando,
967 2283 1002 2343 ut
1030 2277 1155 2344 Gellius
1188 2284 1301 2343 narrat

131 2383 215 2448 XIX
236 2383 266 2464 8,
297 2381 338 2448 de
364 2381 558 2465 quibusdam
580 2382 689 2448 verbis
712 2402 795 2466 quae
818 2382 904 2465 quod
926 2403 990 2447 non
1012 2387 1100 2448 recto
1124 2401 1256 2447 numero
1279 2402 1299 2446 a

131 2486 292 2552 nonnullis
315 2491 548 2571 usurparentur
564 2484 826 2570 reprehendisset
843 2487 877 2552 0.
895 2486 1018 2552 Caesar
1033 2485 1186 2551 disseruit
1202 2492 1300 2568 atque

132 2590 362 2674 disputationis
399 2589 494 2655 tinem
531 2587 608 2655 feeit
640 2609 712 2655 cum
746 2589 938 2656 adhortatus
971 2596 1022 2655 est
1055 2588 1231 2673 discipulos
1265 2595 1301 2653 ut

132 2688 326 2777 quaererent
340 2713 382 2757 an
401 2692 565 2759 ‘barcuas'
582 2699 614 2757 et
639 2691 855 2778 ‘quadriqum'
873 2693 1010 2760 dixisset
1025 2714 1065 2758 era
1087 2691 1214 2758 cohorte
1235 2692 1301 2758 ibba

133 2798 310 2864 dumtaxat
336 2796 525 2880 antiquiore
551 2798 602 2863 acb
629 2801 797 2862 oratorum
826 2797 950 2880 aliquis
975 2797 1026 2862 cel
1047 2800 1230 2878 poetarum,
1265 2795 1301 2860 id

133 2905 181 2966 est
212 2899 368 2965 classicus
402 2900 619 2983 assiduumque
652 2900 776 2983 aliquis
808 2900 955 2983 scriptor,
991 2920 1058 2966 uou
1086 2899 1299 2982 proletarius.

133 3004 241 3087 Atque
264 3003 397 3086 contigit
412 3004 516 3069 Gellio
532 3010 568 3069 ut
584 3004 721 3068 alterum
736 3005 869 3070 verbum
885 3003 1083 3088 quadriqam
1097 3004 1130 3067 in
1147 3003 1300 3068 Varronis

133 3107 321 3173 Saturarum
338 3107 418 3173 libro
436 3107 581 3192 (Eodem.
598 3106 635 3171 tr.
652 3108 693 3172 93
709 3106 843 3188 Bueeh.)
865 3107 1032 3173 inveniret.
1071 3105 1300 3172 Nihilominus

133 3211 226 3294 qnasi
254 3216 365 3276 contra
387 3210 561 3276 Caesarem
589 3230 739 3295 pugnans
765 3211 898 3276 verbum
928 3231 1052 3276 areuae
1078 3211 1127 3275 bis
1150 3216 1300 3294 usurpat:
1417 3287 1419 3292 ι

25 3369 26 3372 ,
132 3316 172 3397 V,
188 3315 236 3398 14,
253 3313 306 3396 173
322 3313 409 3396 XVI,
426 3316 473 3395 ΙΙ,
487 3314 516 3398 7,
533 3319 577 3396 ut,
591 3335 785 3397 quamquam
797 3335 859 3379 non
872 3315 904 3378 in
917 3314 1080 3380 veteribus
1092 3313 1301 3397 scriptoribus
1329 3309 1330 3313 ’

132 3418 300 3501 invenerit,
330 3424 438 3482 tamen
466 3418 498 3481 in
527 3419 627 3484 verba
654 3418 802 3500 magistri
823 3418 944 3500 iurans,
973 3418 1001 3483 si
1023 3417 1070 3482 ita
1092 3417 1169 3481 mihi
1193 3415 1301 3482 dicere

132 3522 218 3604 lieet,
242 3520 325 3586 hane
347 3520 483 3587 formam
506 3526 666 3587 vetustam
690 3541 761 3587 esse
785 3520 935 3586 videatur
958 3520 1173 3586 existimasse.

198 3625 324 3707 Agmen
346 3624 428 3690 haee
444 3623 608 3690 claudant.
646 3624 751 3689 Valde
767 3624 922 3690 miramur
937 3624 1026 3709 apud
1042 3623 1180 3688 Gellium
1200 3623 1302 3688 verba

133 3733 190 3809 est,
214 3732 303 3809 suut,
327 3727 406 3809 siut,
430 3749 497 3793 esse
518 3727 697 3812 participiis
719 3727 854 3812 perfecti
869 3728 1000 3812 passivi,
1025 3726 1204 3811 participiis
1221 3724 1301 3810 perf.

134 3832 221 3916 dep,
246 3831 458 3897 substantivis
481 3838 514 3896 et
536 3830 716 3913 adieetivis,
739 3830 906 3913 gerundiis
928 3837 962 3896 et
981 3829 1169 3913 gerundivis
1184 3830 1302 3895 totiens

134 3933 272 4018 detrahi,
301 3934 391 4000 euius
421 3936 467 4001 rei
492 3935 616 4018 Gorges
640 3935 659 3999 l.
677 3954 704 3999 o.
727 3955 759 4019 p.
777 3937 817 3999 56
839 3956 886 4018 sq.
912 3955 975 4000 non
998 3934 1103 3999 minus
1126 3934 1302 4017 quingenta

204 4207 225 4273 1)
244 4207 287 4260 De
306 4206 407 4275 plurali
427 4222 542 4260 numero
563 4223 624 4260 eum
639 4205 750 4275 partim
762 4206 904 4274 particula
917 4205 1067 4260 eoniunoto
1080 4203 1154 4259 infra
1166 4204 1303 4260 disseram

186 4296 211 4349 h

134 4299 149 4359 ἓ
169 4297 184 4350 3
203 4381 224 4446 ¹)
243 4380 370 4434 crastiua
387 4382 419 4434 P.

203 4468 224 4533 ³)
243 4467 340 4535 Hertz,
358 4483 386 4521 v.
400 4467 432 4521 G.
446 4481 471 4521 a.
484 4483 511 4535 p.
525 4471 555 4524 21
576 4473 605 4522 et
623 4474 664 4526 91.
