3154 4926
712 289 750 352 31

144 484 216 528 cum
239 461 329 547 apud
352 461 525 545 scriptores
547 459 677 524 intimae
700 459 887 524 Latinitatis
911 458 1008 543 plane
1032 457 1203 523 evanuerit
1229 456 1315 522 omui

60 597 63 606 ·
144 566 346 631 dubitatione
369 565 508 630 solutum
532 565 575 630 sit
596 563 673 645 quin
695 570 821 629 veteres
851 562 915 628 illis
943 562 1038 628 huius
1061 581 1140 628 usus
1163 567 1314 627 auctores

145 669 273 735 fuerint.

637 769 744 853 Caput
767 770 827 835 ΙΙΙ.

200 891 248 949 De
268 890 439 949 nonnullis
459 888 715 962 proprietatibus
734 905 820 961 quae
840 889 873 946 in
894 889 1067 948 sententiis
1088 889 1259 948 nectendis

382 978 492 1037 Gellio
512 994 585 1037 cum
605 978 772 1036 veteribus
792 994 985 1038 communes
1004 978 1080 1037 sint.

146 1161 150 1172 ,
211 1088 332 1170 Magna
360 1093 411 1153 est
433 1085 608 1154 similitudo
631 1086 729 1152 Gellii
752 1093 785 1152 et
807 1093 951 1153 veterum
974 1087 1166 1172 scriptorum
1189 1087 1221 1151 in
1245 1107 1316 1153 sen·
1377 1097 1379 1102 ’

148 1192 258 1258 tentiis
286 1191 506 1273 annectendis,
534 1211 598 1274 (lua
621 1192 655 1254 in
677 1210 712 1256 re
733 1191 780 1257 illi
803 1191 845 1258 ab
869 1191 998 1275 optimis
1022 1190 1233 1275 scriptoribus
1255 1188 1316 1254 dif-

145 1296 259 1361 ferunt.
306 1294 390 1361 Nam
413 1293 446 1358 hi
469 1293 502 1358 id
525 1293 727 1378 potissimum
750 1300 885 1378 egerunt
913 1300 949 1360 ut
971 1295 1117 1377 singulas
1139 1293 1318 1372 sententias

146 1399 264 1464 artiore
288 1417 373 1462 nexu
396 1398 480 1462 inter
495 1417 530 1463 se
546 1397 786 1482 coniungerent,
811 1398 879 1466 sive
895 1405 931 1464 ut
946 1398 1107 1464 sententia
1122 1395 1318 1483 perlucidior

144 1503 236 1569 tieret
252 1502 320 1568 sive
336 1500 520 1584 elegantiae
536 1499 643 1566 studio
659 1501 799 1584 quodam
815 1503 975 1569 commoti.
1014 1504 1065 1566 lta
1081 1503 1179 1568 etiam
1194 1497 1315 1568 tactum

145 1613 195 1673 est
218 1611 253 1671 ut
275 1605 513 1670 enuntiationes
536 1603 748 1671 secundariae
771 1625 896 1672 summa
919 1611 990 1671 arte
1014 1604 1209 1692 compositas
1232 1624 1316 1688 quae

5 1733 16 1748 ‚
145 1710 250 1775 altera
278 1709 321 1773 ab
349 1709 454 1774 altera
481 1707 704 1792 dependerent
733 1707 937 1778 adhiberent.
993 1709 1118 1774 Gellius
1147 1714 1256 1774 autem
1285 1714 1319 1774 et

147 1819 274 1879 veteres
301 1811 489 1896 plerumque
517 1812 633 1877 breves
662 1813 840 1880 sententias
868 1813 951 1878 inter
973 1831 1010 1879 sc
1031 1811 1237 1898 coordinatus
1260 1811 1318 1876 ad-

149 1916 270 1984 hibent.
337 1915 463 1981 Deinde
501 1915 532 1979 in
570 1915 747 1982 enuntiatis
784 1917 920 2000 siugulis
956 1915 1164 1986 conectendis
1201 1915 1317 1981 urbani

146 2020 320 2103 scriptores
349 2018 382 2083 ld
412 2019 589 2086 effecerunt
616 2025 652 2084 ut
680 2039 894 2104 unaquaeque
923 2026 956 2084 ct
982 2020 1163 2086 sententiae
1185 2039 1262 2103 pars
1285 2023 1319 2083 et

146 2123 309 2190 sententia
331 2144 389 2190 suo
412 2143 544 2189 munere
566 2122 762 2205 fungeretur.
801 2124 886 2193 Nam
909 2123 999 2209 apud
1019 2123 1221 2208 vetustiores,
1245 2143 1318 2190 cum

148 2233 249 2293 totum
273 2227 428 2293 orationis
451 2247 579 2294 cursum
602 2234 709 2295 monte
728 2248 790 2293 nou
806 2226 1126 2312 comprehenderent,
1150 2245 1250 2311 saepe
1266 2245 1319 2292 ae-

147 2330 226 2396 eidit
253 2336 288 2395 ut
314 2330 560 2414 incongruentia
588 2330 752 2414 quaedam
779 2337 931 2415 oreretur,
960 2351 1032 2397 cum
1059 2337 1116 2396 aut
1138 2331 1318 2398 subiectum

147 2439 325 2500 mutaretur
348 2441 405 2499 aut
427 2435 608 2500 sententiae
631 2454 708 2519 pars
730 2433 930 2504 omitteretur
953 2454 1037 2518 quae
1056 2434 1126 2501 sine
1142 2433 1318 2520 perspicui·

148 2537 226 2602 tatis
255 2535 447 2602 detrimento
475 2557 539 2603 non
561 2543 690 2622 poterat
713 2536 850 2608 detrahi.
895 2539 977 2604 Item
1001 2538 1047 2603 illi
1070 2538 1249 2604 sententias
1271 2538 1317 2602 in-

148 2640 283 2706 cohatas
305 2659 405 2725 saepe
428 2640 472 2705 ad
495 2647 618 2706 rectum
640 2639 736 2707 finem
758 2663 823 2708 non
846 2642 1075 2728 perduxerunt,
1099 2647 1135 2707 ut
1152 2642 1319 2726 insperata

149 2743 395 2810 constructionis
429 2745 636 2811 commutatio
669 2744 712 2810 ad
746 2745 838 2828 leges
865 2747 1094 2829 grammaticas
1123 2765 1238 2830 parum
1266 2765 1319 2811 ac-

148 2845 354 2913 commodata
377 2854 531 2913 oreretur.
569 2845 597 2913 E
620 2848 780 2914 contrario
803 2848 850 2913 illi
872 2849 1046 2933 scriptores
1064 2847 1148 2914 hanc
1164 2849 1319 2915 sermonis

147 2950 377 3017 obscuritatem
405 2951 586 3016 illuminare
615 2950 747 3018 student
776 2952 936 3036 frequenti
958 2973 1019 3018 usu
1042 2952 1264 3037 pronominum
1287 2957 1321 3018 et

148 3053 375 3120 adverbiorum
391 3055 716 3121 demonstrativorum
732 3062 790 3122 aut
806 3056 914 3124 verbis
929 3062 986 3122 aut
1002 3056 1170 3123 sententiis
1181 3055 1318 3123 iteratis.

150 3159 239 3224 llaec
266 3178 392 3241 quoque
422 3159 531 3226 omnia
553 3159 692 3225 Gellium
716 3181 736 3225 a
759 3160 923 3226 veteribus
946 3159 1102 3244 petivisse
1126 3158 1318 3226 videbimus.

214 3282 233 3358 ξ
260 3279 308 3344 12.
354 3269 424 3344 Iam
447 3280 616 3346 videamus
639 3280 912 3347 coordinationem
936 3281 1177 3347 sententiarum.

214 3381 404 3449 Coniunctio
430 3381 537 3449 finalis
565 3383 713 3450 detracta
741 3391 793 3450 est
818 3383 869 3450 his
897 3384 992 3450 locis:
1027 3384 1109 3450 Gell.
1129 3384 1171 3467 ΙΙ,
1195 3384 1245 3467 29,
1264 3385 1318 3466 71)

149 3505 241 3570 repes
268 3485 408 3554 veniant
433 3507 626 3570 operamque
653 3492 804 3553 mutuom
833 3488 924 3569 deut3
957 3487 1064 3570 XVII,
1086 3487 1137 3570 20,
1159 3488 1177 3552 5
1209 3508 1320 3554 censeo

149 3588 276 3672 videam
299 3589 370 3674 XV,
387 3592 438 3674 31,
455 3591 475 3654 4
493 3591 637 3673 petimus
655 3590 853 3674 considerem
875 3590 952 3673 XII,
972 3593 998 3674 l,
1019 3593 1037 3654 5
1060 3612 1115 3656 oro
1132 3595 1170 3672 ie,
1187 3591 1318 3672 acutior,

150 3692 223 3758 siue
245 3713 316 3758 eam
340 3697 439 3759 totam
461 3693 625 3778 luteorum
644 3699 781 3760 matrem
798 3714 863 3760 esse
877 3693 943 3776 filit
960 3727 990 3758 ω
1007 3692 1141 3759 *claun
1159 3693 1197 3758 tr.
1217 3694 1318 3759 1(le

149 3795 202 3874 (G.
225 3795 282 3878 IX,
302 3797 350 3876 13,
367 3796 401 3880 8)
430 3797 620 3881 siphificure
647 3799 750 3881 coepit
777 3797 935 3882 atraque,
963 3796 1179 3881 quiescereat3
1213 3798 1318 3864 Plaut.

150 3897 239 3962 Tria.
261 3899 356 3984 591²)
392 3900 524 3966 taudem
552 3901 735 3984 impetrant,
769 3900 914 3984 ahireat3
950 3900 1051 3965 Varro
1079 3921 1103 3964 r.
1124 3921 1148 3964 r.
1171 3901 1231 3982 III,
1253 3902 1316 3984 7,1

150 4021 238 4067 emas
254 4021 378 4086 oensem
401 4002 445 4067 id.
462 4004 482 4068 l.
500 4004 519 4068 l.
535 4006 590 4088 VI,
608 4006 659 4070 91.
683 4005 805 4071 *Vetus
820 4004 915 4072 edict.
927 4010 1036 4100 praet.
1049 4004 1156 4069 FIR⁶
1169 4026 1201 4090 p.
1215 4005 1319 4089 alta

150 4104 201 4183 (d.
219 4105 273 4190 IV,
291 4105 320 4189 2,
340 4107 369 4188 l)
396 4106 530 4173 Titulos
552 4108 747 4191 scriptoram
768 4108 976 4193 scopulorum
990 4107 1132 4190 scriptas
1147 4108 1192 4173 stt
1206 4113 1321 4174 curato

154 4247 357 4254 m

220 4329 241 4395 1)
260 4329 283 4382 E
303 4327 334 4393 Q.
346 4329 429 4383 Ennii
448 4335 525 4385 certe
544 4331 638 4385 satiris
657 4330 715 4397 (lib.
727 4331 782 4386 ino.
794 4333 820 4386 ll
838 4329 967 4397 Vahlen).

221 4417 243 4484 ²)
264 4414 305 4470 cf.
324 4416 391 4470 Brix
410 4417 447 4471 ad
464 4417 491 4472 b.
505 4417 531 4485 1.,
550 4417 598 4471 ubi
615 4417 697 4486 plura
716 4417 852 4474 invenies.
