3154 4926
852 277 871 340 2

274 470 372 533 qaam
401 449 573 534 iuaolpata
602 454 634 514 ei
654 448 830 515 sordeutia.
877 448 971 514 Noua
993 453 1103 514 uectem
1125 449 1230 514 videri
1254 448 1323 514 dico
1345 448 1446 514 etiam

274 573 313 618 ea
335 574 419 635 qaae
441 557 523 618 aaut
542 553 710 618 iuasitato
733 557 765 618 et
786 552 890 618 desita
913 552 972 617 etsi
994 556 1075 618 secut
1095 556 1233 618 uetusta.

339 657 382 721 At
409 657 509 722 multo
538 656 648 742 plures
674 661 749 722 sont
770 655 842 738 loci,
871 655 986 738 quibus
1010 654 1051 720 de
1074 655 1289 739 antiquiorum
1315 654 1444 738 scriptis

276 758 401 825 Gellius
430 767 463 825 et
485 761 605 826 Fronto
634 759 720 824 idem
744 759 812 824 fere
834 758 989 824 iudicant.
1035 758 1239 843 Conspicitur
1260 757 1294 822 id
1317 779 1388 825 cum
1412 761 1445 824 in

274 863 321 928 eia
345 883 425 946 quos
447 864 634 948 vituperant
657 868 723 928 tom
747 863 779 927 in
803 863 850 928 eis
873 883 953 945 quos
976 861 1120 927 laudant.

337 965 382 1031 Ut
397 966 519 1032 Fronto
532 966 656 1032 Gellius
668 966 799 1031 summis
812 965 1079 1048 castigationibus
1094 967 1251 1031 Senecam
1264 965 1374 1050 afficit,
1390 967 1447 1049 qui

274 1069 438 1136 Ciceronis
466 1089 569 1152 genus
598 1068 761 1136 scribendi
783 1069 954 1134 vitiaverit
976 1069 1065 1153 (XII,
1082 1070 1123 1149 2).
1169 1069 1232 1135 Ubi
1256 1075 1365 1135 tamen
1388 1068 1447 1134 ad-

273 1174 429 1239 vertimus
467 1193 539 1239 eum
576 1174 674 1258 paulo
713 1174 901 1239 clementius
936 1171 977 1237 de
1011 1172 1137 1238 Seneca
1170 1171 1314 1238 iudicare
1348 1192 1446 1255 quam

278 1278 482 1342 Frontonem.
520 1277 605 1345 Nam
628 1296 822 1360 quamquam
846 1282 980 1359 uterque
996 1276 1141 1342 Senecae
1163 1275 1326 1342 scribendi
1341 1295 1447 1358 genus

276 1380 368 1445 reicit
405 1386 503 1463 atque
539 1385 749 1466 aspernatur,
788 1378 839 1445 hic
876 1379 918 1445 de
955 1380 1115 1446 nonnullis
1151 1399 1234 1463 quae
1272 1379 1325 1444 ille
1363 1381 1446 1444 bene

276 1482 389 1548 iecerit
403 1484 633 1550 contumeliose
649 1482 728 1548 dicit
749 1485 793 1568 (p.
812 1484 869 1548 157
885 1483 944 1564 N):
968 1483 1068 1549 etiam
1085 1483 1262 1549 lammiuae
1277 1482 1447 1548 iuterdam

275 1587 479 1672 arpeuiiolce
505 1587 623 1653 abacis
651 1587 891 1668 iuaeuiuutur;
924 1607 1006 1652 eaue
1033 1608 1069 1652 rc
1097 1588 1230 1653 clausas
1248 1587 1448 1671 parpauolos

273 1688 494 1756 redimemus?
528 1690 652 1756 Cellius
667 1695 786 1773 autem,
803 1711 997 1774 quamquam
1013 1689 1098 1755 idem
1115 1689 1182 1756 fere
1197 1690 1318 1772 scribit,
1336 1696 1446 1754 tamen

274 1794 444 1859 verborum
457 1794 531 1860 illas
543 1794 753 1860 contumelias
766 1794 884 1859 omittit
896 1813 968 1859 cum
981 1792 1060 1859 dicit
1075 1794 1163 1876 (XII,
1178 1794 1207 1877 2,
1223 1795 1289 1868 lu:
1314 1792 1447 1859 Audias

274 1896 514 1963 commemorari
536 1918 574 1963 ac
589 1896 711 1981 referri
721 1917 833 1980 pauca
847 1898 1017 1981 quaedam,
1042 1918 1126 1980 quoae
1140 1897 1225 1962 idem
1239 1896 1307 1980 ipse
1323 1896 1447 1963 Seucca

276 1999 353 2067 boae
381 2001 469 2066 dixit
497 2002 595 2084 quale
623 2007 671 2068 est
692 2001 780 2068 iliad
799 2051 805 2065 .
824 2051 854 2064 ..
901 2001 1036 2066 Beueue
1058 1998 1138 2066 boc?
1172 2001 1250 2066 boue
1271 2021 1361 2081 saue,
1391 2001 1448 2065 scol

275 2104 538 2170 adulescentiam
559 2105 703 2172 iudolem
724 2125 793 2171 uou
817 2109 884 2170 tam
905 2104 1027 2170 iaaaut
1047 2125 1132 2187 qaae
1154 2104 1232 2170 boue
1255 2104 1344 2170 dicta
1365 2109 1449 2170 aaut

274 2227 374 2290 qaam
406 2207 565 2289 iaficiuut
597 2230 682 2292 qaae
710 2229 858 2292 pessume
892 2214 947 2274 ott.
1003 2207 1097 2285 Quod
1127 2207 1286 2274 Cerclriu
1294 2212 1317 2288 1)
1352 2213 1447 2292 putat

275 2309 414 2377 Gellium
438 2310 498 2377 hoc
521 2312 590 2378 loco
607 2311 797 2389 Quintiliani
813 2313 1019 2377 autoritatem
1036 2311 1136 2394 sequi,
1162 2310 1246 2376 hanc
1261 2311 1445 2396 opinionem

275 2415 372 2480 nullis
395 2414 596 2482 documentis
619 2415 718 2482 fulsit.

340 2519 390 2584 De
414 2519 567 2585 Cicerone
590 2520 611 2583 ii
634 2520 688 2603 qui
711 2526 778 2584 tum
793 2525 938 2584 veterum
954 2537 1133 2584 sermonem
1150 2517 1350 2583 affectabant
1365 2517 1446 2582 certi

274 2622 445 2705 quicquam
468 2621 631 2689 iudicasse
654 2643 717 2689 non
739 2621 899 2705 videntur,
923 2627 959 2686 ut
973 2622 1092 2687 Fronto
1116 2621 1158 2687 de
1181 2641 1219 2687 eo
1242 2621 1390 2687 iudicans
1412 2627 1446 2686 et

275 2745 356 2791 asc
379 2731 413 2790 et
434 2746 455 2790 a
478 2725 583 2792 Cellio
610 2725 750 2792 differat.
800 2725 858 2790 Ille
887 2725 971 2790 enim
994 2725 1180 2792 Ciceronem
1208 2726 1255 2790 ita
1282 2725 1447 2808 vituperat

276 2831 320 2914 (p.
335 2830 375 2893 63
388 2828 447 2913 Nl:
464 2829 502 2894 iu
517 2829 669 2896 omuibus
685 2830 756 2896 cias
768 2830 825 2911 (sc.
838 2829 1013 2908 Ciceronis)
1029 2829 1235 2896 mutiouibas
1243 2829 1446 2913 paucissimo

276 2933 448 2998 admodum
470 2933 618 3016 reperias
642 2934 811 3016 iusperata
834 2937 932 3017 atque
954 2932 1130 3015 iuopiuata
1147 2932 1254 3014 uerba,
1279 2953 1363 3015 qaae
1378 2952 1446 2998 uou

275 3035 343 3100 uisi
360 3056 437 3101 cum
460 3036 568 3102 studio
590 3042 689 3120 atque
710 3057 794 3103 cura
817 3041 914 3119 atque
934 3035 1052 3119 vipilia
1068 3040 1165 3128 atque
1180 3036 1287 3102 malta
1301 3039 1446 3101 aeteram

275 3138 462 3206 carmiuam
485 3140 641 3207 memoria
663 3141 879 3225 iudapautar,
910 3157 1105 3222 quamquam
1129 3137 1192 3204 alio
1216 3138 1285 3204 loco
1316 3141 1379 3223 (ep.
1403 3138 1446 3203 ad

276 3245 393 3308 Anton.
410 3243 485 3327 imp.
503 3249 536 3309 et
550 3245 614 3309 inv.
631 3245 674 3326 lI,
691 3247 710 3310 5
727 3264 759 3329 p.
779 3243 838 3308 107
854 3242 896 3321 Ν)
917 3261 989 3306 eom
1005 3240 1119 3306 laudat
1134 3260 1206 3307 cum
1223 3241 1315 3307 dicit:
1338 3261 1447 3307 omues

277 3345 442 3412 Cicerouis
470 3347 629 3430 epistulas
658 3347 810 3432 lepeudas
836 3365 946 3414 causeo
972 3365 1043 3410 meo
1070 3346 1236 3412 acuteutia
1263 3347 1314 3411 ael
1341 3344 1447 3430 mopis

275 3471 375 3534 qaam
397 3449 469 3516 cias
491 3451 664 3531 oratioues,
689 3451 740 3516 cui
756 3450 920 3516 Ciceronis
936 3448 1027 3515 laudi
1043 3449 1167 3516 Cellius
1184 3449 1359 3516 assentitur
1374 3468 1445 3515 cum

275 3553 387 3620 scribit
404 3553 457 3637 (X,
474 3556 504 3638 3,
524 3557 590 3636 15):
615 3554 652 3620 Si
668 3553 742 3637 qais
758 3558 805 3619 est
821 3558 887 3620 tam
910 3551 1033 3637 capreoli
1056 3573 1139 3618 aare
1161 3558 1192 3618 et
1215 3557 1282 3618 tam
1302 3551 1444 3634 bispida,

275 3679 370 3741 qaam
393 3657 453 3723 lau
475 3658 541 3724 isto
563 3663 596 3724 et
617 3657 798 3725 amoenitas
821 3655 982 3722 oratiouis
1003 3655 1237 3740 uerborumque
1252 3654 1447 3736 modificatio

272 3781 397 3843 pariam
420 3762 632 3828 delectat...
671 3764 784 3846 Aeque
807 3760 885 3827 alibi
908 3780 1033 3825 summa
1055 3764 1104 3824 ira
1126 3759 1343 3825 inflammatus
1366 3758 1446 3824 haec

276 3865 378 3929 verba
411 3885 496 3947 quae
529 3867 622 3932 nobis
649 3885 756 3950 paene
784 3865 883 3930 risum
909 3868 1039 3928 movent
1070 3861 1149 3928 facit
1183 3864 1301 3946 (XVII,
1325 3863 1371 3946 l):
1407 3860 1449 3926 Ut

277 3967 412 4050 quidam
434 3969 578 4052 fueraut
597 3974 746 4034 moustra
762 3966 940 4045 homiuum,
969 3966 1054 4048 qoaod
1076 3967 1114 4032 de
1136 3966 1187 4032 dis
1207 3965 1448 4033 immortalibus

276 4070 397 4153 impias
433 4072 604 4155 falsasque
637 4072 808 4154 opiuiouec
836 4068 1071 4152 prodideram,
1107 4069 1156 4136 ita
1188 4070 1347 4136 uouuulli
1381 4073 1447 4134 tom

271 4173 453 4259 prodipiosi
477 4179 607 4258 tamque-
629 4175 775 4241 vecordes
798 4173 1008 4253 exstiterunt,
1031 4173 1071 4238 iu
1093 4173 1213 4256 quibas
1232 4177 1313 4239 saut
1328 4172 1448 4239 Colias

348 4400 368 4465 ¹)
387 4395 498 4451 Gercke
517 4395 654 4451 Fleckeis.
667 4397 764 4452 Jahrb.
778 4414 839 4466 spp.
853 4402 885 4454 22
906 4398 1004 4464 (1896),
1023 4409 1050 4462 p·
1068 4400 1115 4453 142
1134 4413 1194 4466 sqq.
