3154 4926
701 324 743 388 49

134 491 201 558 Ad.
223 494 264 559 85
292 514 387 576 quem
414 513 519 577 neque
542 493 647 576 pudet
668 495 853 578 quicquam,
882 516 942 562 nee
963 496 1082 562 metreit
1102 518 1307 580 quemquam,

134 617 244 680 meque
268 598 365 682 ieqem
383 601 486 681 putat
508 602 618 663 tenere
641 618 674 663 se
697 599 802 664 uliam
813 601 847 682 1).

202 721 222 798 ξ
246 719 297 781 34.
343 719 424 782 Item
448 718 628 800 neglectum
653 724 704 784 est
727 719 928 785 enuntiatum
952 721 1130 806 temporale
1153 722 1308 788 contami·

133 820 222 886 natis
252 821 300 886 eis
328 821 574 887 constructionis
602 822 775 904 generibus
804 842 888 906 quae
912 825 1204 890 Koordinationot
1226 826 1307 891 Sub·

134 922 319 990 ordination
342 944 511 990 vocamus:
536 924 803 1010 a.xv11,20‚4
827 926 906 993 haec
928 927 986 994 ubi
1010 929 1091 994 tecta
1114 933 1309 1012 cantatque

133 1027 184 1092 ibi
210 1027 345 1094 Taurus
373 1027 456 1093 urihi
479 1027 686 1112 ...imquit3
719 1031 763 1113 Il,
780 1029 868 1114 29,8
897 1031 976 1097 baec
1003 1031 1062 1106 ubi
1087 1032 1145 1098 itte
1168 1031 1257 1097 dimit
1277 1036 1310 1097 et

32 1181 34 1186 .
136 1131 316 1226 discessit2)
339 1166 369 1197 ω
386 1132 492 1196 Plaut.
504 1132 596 1198 Most.
614 1133 696 1198 1050
718 1133 874 1216 quonia-m
890 1135 1061 1200 convocavi
1076 1140 1175 1219 atque
1189 1134 1244 1201 illi
1259 1156 1307 1201 me

139 1241 314 1302 exsenatu
331 1240 517 1320 seqreqaut3
533 1235 628 1320 Epid.
642 1235 705 1300 217
721 1258 815 1320 quom
832 1238 1016 1321 aripertum
1031 1239 1125 1304 aenio
1141 1244 1239 1322 atque
1254 1259 1309 1324 eqo

135 1339 231 1405 illam
255 1339 310 1405 illi
332 1339 423 1404 uideo
439 1338 687 1421 praestolarier.
726 1340 913 1407 Terentium
936 1341 1020 1407 hano
1036 1342 1307 1408 constructionem

135 1463 201 1509 non
216 1443 280 1507 iam
296 1462 454 1526 usurpare
471 1442 612 1507 affirmat
628 1444 783 1527 Draeger,
800 1445 854 1527 qui
870 1465 912 1510 ex
927 1445 1162 1530 posterioribus
1177 1451 1308 1530 praeter

137 1546 278 1611 Gellium
302 1567 398 1612 unum
423 1545 519 1615 Statii
542 1547 646 1613 locum
669 1546 777 1612 affert:
802 1547 905 1614 Theb.
923 1550 965 1631 II,
984 1551 1034 1614 26.

203 1672 222 1747 ἕ
251 1669 301 1732 35.
352 1666 506 1733 Similiter
527 1667 658 1739 ‚Gellius
694 1673 792 1752 atque
824 1669 960 1735 adhibet
992 1669 1047 1734 ubi
1075 1691 1133 1736 nos
1162 1692 1235 1737 cum
1262 1671 1308 1734 in-

135 1790 266 1836 versum
294 1777 537 1856 exspectamus:
573 1771 774 1856 G.111,1,5
801 1772 860 1838 viu
890 1772 968 1839 liaeo
996 1773 1146 1840 dixeram
1174 1779 1307 1840 cuncta·

139 1874 271 1940 brandus
293 1880 391 1958 atquc
414 1874 503 1940 inibi
520 1927 524 1938 .
544 1925 551 1940 .
570 1899 593 1958 ,ς
627 1875 684 1958 IX,
706 1877 753 1958 11,
770 1877 799 1940 6.
818 1877 836 1941 7
861 1875 990 1960 (Claud.
1007 1875 1044 1940 tr.
1064 1876 1102 1941 12
1119 1878 1157 1959 P)
1182 1882 1220 1942 et
1234 1898 1308 1944 corr·

134 1979 338 2063 qrediuntur
366 1983 397 2044 et
423 1979 608 2045 consistunt
628 1983 660 2044 et
680 1980 937 2046 conserebantur
959 1980 1027 2046 iam
1050 2001 1180 2062 manus,
1210 1985 1308 2064 atque

136 2083 185 2148 ibi
208 2083 257 2148 ais
280 2084 440 2167 quaedam
461 2082 541 2164 fit3).
581 2083 720 2148 Gellium
743 2083 795 2149 hic
811 2082 939 2150 Claudii
962 2103 1140 2149 sermonem
1157 2085 1248 2166 sequi
1265 2104 1306 2149 ex

136 2186 187 2252 his
205 2187 273 2253 eius
288 2187 395 2253 verbis
411 2187 562 2269 colligere
577 2206 749 2271 possumus
772 2190 804 2268 (ξ
822 2188 853 2270 2)
878 2207 916 2254 ea
931 2207 983 2252 res
993 2208 1133 2270 prorsus
1147 2187 1305 2255 miranda

136 2291 183 2356 sic
206 2291 351 2375 profecto
380 2295 428 2356 cst
454 2291 493 2357 iu
522 2289 617 2356 libris
649 2290 833 2357 aromatibus
859 2295 1039 2357 memorata
1073 2294 1130 2372 (so.
1154 2291 1306 2374 Claudii).

137 2393 281 2458 Similem
314 2414 406 2459 usum
439 2398 537 2476 atque
564 2393 655 2459 verhi
685 2393 773 2478 apud
803 2394 954 2460 Plautum
983 2402 1016 2460 ot
1045 2395 1232 2461 Terentium
1262 2397 1307 2461 vi-

137 2494 250 2562 demus
273 2496 466 2562 illustratum
490 2498 522 2561 in
546 2496 644 2562 Thes.
661 2497 752 2580 Ling.
771 2497 843 2562 Lat.
867 2518 892 2563 s.
908 2520 938 2562 v.
961 2502 1060 2581 atque
1081 2499 1114 2562 Il
1129 2499 1166 2581 B,
1184 2499 1212 2564 l.

202 2617 296 2698 §36.
342 2617 465 2681 Duram
494 2619 763 2684 constructionem
792 2618 986 2685 offendimus
1009 2619 1175 2685 hocloco:
1211 2619 1250 2685 G.
1269 2621 1306 2702 V,

138 2722 167 2805 6,
184 2722 203 2784 7
221 2722 286 2802 (uhi
304 2720 385 2787 Cato
400 2721 604 2806 compilatur)
621 2722 767 2789 Fuluius
784 2728 893 2788 autem
911 2772 916 2787 .
935 2770 942 2786 .
959 2771 966 2786 .
983 2722 1110 2788 coronis
1125 2723 1308 2788 donauerat

137 2825 267 2906 milites,
301 2824 381 2908 quia
414 2826 541 2891 vallum
574 2831 777 2894 curaverant
802 2831 863 2893 aut
888 2826 980 2909 qua)
1009 2831 1147 2909 puteum
1174 2831 1308 2893 strenue

138 2927 330 3013 effoderant.
355 2965 394 2975 -
418 2928 521 2994 *Cato
546 2950 591 2995 or.
608 2931 647 3014 V,
664 2931 684 2994 6
703 2931 724 2996 J
748 2931 798 3012 (0.
816 2930 871 3014 Vl,
888 2933 917 3012 3,
935 2931 989 3011 38)
1019 2930 1083 2996 Sed
1103 2930 1133 2996 si
1156 2930 1308 2997 bonorem

137 3053 205 3098 non
228 3053 367 3115 aequum
391 3037 438 3098 est
462 3031 577 3098 lraheri
601 3034 637 3099 ob
661 3054 731 3099 eam
754 3055 822 3100 rem
845 3034 931 3117 quod
954 3033 1032 3099 bene
1045 3035 1155 3119 facere
1168 3025 1309 3101 voluisse

139 3137 212 3219 quis
239 3136 320 3202 dicit
345 3156 450 3218 neque
475 3136 555 3221 fecit
577 3141 695 3219 tamen,
726 3136 972 3204 Rhodiensibus
994 3137 1105 3220 oberit,
1136 3140 1220 3222 quod
1240 3160 1308 3205 nou

138 3241 223 3306 male
237 3242 387 3326 fecerunt
401 3241 457 3305 sed
471 3241 552 3322 quia
563 3242 703 3307 uoluisse
717 3241 876 3308 dicuntur
885 3242 1010 3326 facere3
1026 3241 1102 3306 item
1115 3241 1307 3308 *Sallustius

138 3344 203 3427 (qui
226 3344 381 3410 Catonem
404 3343 560 3427 imitatur)
585 3345 655 3410 (lat.
673 3347 701 3429 3,
718 3344 783 3428 2⁵).

210 3577 239 3650 1)’
250 3583 335 3638 Plura
363 3582 490 3637 invenies
518 3582 593 3650 apud
616 3581 718 3635 Holtze
746 3583 756 3635 l
783 3598 810 3649 p.
829 3584 889 3637 389.
936 3581 1063 3652 Sjtigren,
1090 3583 1133 3635 De
1161 3583 1307 3649 particulis

137 3686 163 3738 p.
178 3675 223 3727 111
246 3686 305 3739 sqq.

206 3758 227 3823 ⁹)
247 3755 290 3810 af.
313 3759 421 3811 Loronz
451 3757 488 3810 ad
516 3757 598 3815 Most.
619 3760 693 3814 1050.
738 3756 875 3824 Draeger,
903 3754 975 3808 Hist.
995 3754 1074 3825 Synt.
1098 3756 1123 3809 ll
1148 3760 1162 3820 ξ
1186 3760 1306 3824 315,15.

140 3843 248 3913 Gorgos
272 3859 298 3912 p.
316 3848 362 3905 45;
391 3843 466 3913 quod
489 3842 521 3898 G.
547 3847 573 3897 ct
596 3858 707 3911 quoque
731 3842 900 3910 particulam
925 3841 1047 3909 adhibet,
1074 3858 1135 3894 oiim
1165 3858 1182 3895 a
1204 3842 1306 3896 Plauto

139 3930 266 3984 omnibus
289 3930 360 3984 locis
384 3933 466 3999 atquc
489 3934 654 3998 usurpatum
679 3929 836 3997 videamus,
861 3928 914 3982 hoo
938 3929 1020 3982 utin
1044 3928 1186 3983 imitatore
1206 3930 1307 3984 nullius

139 4018 271 4072 momenti
289 4024 342 4085 est,
361 4017 396 4071 cf.
416 4017 580 4071 Thesaurus
599 4017 725 4085 Linguae
743 4017 805 4069 Lat.
819 4031 840 4069 a.
853 4031 881 4068 v.
901 4017 983 4083 atquc
1001 4014 1035 4081 11,
1048 4017 1091 4082 13,
1104 4019 1128 4071 5.

205 4107 227 4172 ³)
248 4105 380 4159 Editores
400 4105 440 4158 sio
458 4105 673 4172 interpungunt:
692 4119 802 4156 neonus.
833 4101 924 4169 Atque
943 4100 990 4166 ibi,
1010 4117 1065 4169 quo
1085 4101 1150 4154 mihi
1166 4102 1307 4156 sententia

139 4189 243 4245 desunt
263 4191 386 4246 videtur.

206 4279 229 4347 ⁴)
250 4277 306 4346 Qui
325 4279 379 4333 VP
400 4295 452 4332 om.
471 4278 505 4331 R.

205 4364 227 4433 ¹⁵)
247 4363 288 4418 af.
308 4364 404 4433 Hertz,
423 4382 451 4418 v.
465 4364 499 4418 G.
513 4380 537 4418 a.
551 4380 578 4431 p.
592 4368 634 4422 54.
669 4365 777 4418 Tamen
797 4379 860 4416 oum
879 4362 934 4415 duo
954 4361 993 4415 illi
1005 4361 1122 4416 Catonis
1141 4367 1170 4417 et
1182 4362 1307 4417 Sallustii

138 4451 192 4505 looi
214 4466 270 4505 non
293 4449 366 4504 hene
391 4467 453 4505 oum
474 4450 564 4505 Gellio
585 4449 775 4520 conferantur,
795 4466 858 4504 oum
877 4447 1059 4503 commutatio
1079 4449 1305 4504 coniunctionum

1084 4538 1101 4588 4
