3154 4926
744 833 845 900 Pars
871 831 923 899 II.
994 933 997 950 Ι

575 980 638 1061 Ile
666 978 801 1060 Ennii
828 979 1090 1063 Euhemero.

315 1151 365 1214 De
389 1149 528 1215 Enniani
544 1149 716 1215 Euhemeri
739 1149 938 1236 fragmentis,
962 1170 1047 1235 quae
1066 1149 1257 1214 Lactantius
1281 1148 1312 1212 in
1335 1147 1418 1212 libro

250 1256 306 1336 qui
335 1253 557 1319 Institutiones
585 1251 715 1318 divinae
745 1254 938 1338 inscribitur,
967 1255 1060 1323 nobis
1083 1251 1229 1335 tradidit,
1259 1251 1419 1336 permulta

251 1377 271 1421 a
294 1356 440 1441 plurimis
462 1356 541 1421 viris
565 1355 668 1422 doctis
691 1357 813 1440 scripta
836 1363 921 1444 sunt,
945 1359 1000 1442 qui
1023 1378 1063 1424 ea
1085 1358 1269 1440 fragmenta
1291 1361 1327 1420 ut
1346 1359 1420 1421 sunt

249 1460 345 1524 Ennii
380 1479 453 1525 esse
490 1459 609 1544 partim
646 1459 758 1525 dicunt
790 1461 908 1545 partim
942 1469 1072 1545 negant.
1132 1449 1229 1524 Velut
1262 1457 1419 1523 Martinus
1536 1495 1537 1558 ,

251 1562 421 1646 Schanz1),
458 1569 493 1628 ut
525 1563 649 1648 priores
683 1563 838 1649 omittam,
871 1565 997 1630 illorum
1030 1565 1283 1647 fragmentorum
1316 1581 1418 1644 genus
1536 1559 1537 1562 ’

252 1666 414 1732 scribendi
439 1686 511 1734 esse
535 1665 614 1732 dicit
638 1666 730 1751 ,eine
747 1668 857 1751 Prosa,
882 1668 936 1734 die
958 1689 1018 1753 gar
1037 1668 1141 1734 nichts
1158 1664 1419 1732 Altertllmliches

252 1769 408 1835 euthalt“.
453 1771 480 1835 ll
503 1771 664 1836 contrario
688 1770 850 1836 Iohannes
872 1771 998 1838 Vahlen
1007 1778 1029 1852 ²)
1059 1792 1099 1837 ea
1120 1771 1302 1853 fragmenta
1324 1768 1420 1833 Ennii

251 1893 324 1939 esse
353 1880 466 1940 censet
495 1873 634 1957 quidem,
664 1874 722 1939 sed
751 1874 854 1940 credit
876 1876 960 1940 Enni
984 1875 1200 1941 Euhemerum
1225 1872 1419 1938 tetrametn's

252 1977 405 2061 scriptum
435 1976 534 2044 fuisse
564 1983 597 2041 et
624 1977 799 2060 aliquando
827 1980 869 2044 ab
893 1979 1021 2045 homine
1045 1979 1153 2063 aliquo
1176 1977 1271 2044 docto
1296 1974 1419 2041 ‘solutis
1536 1985 1537 2068 l

174 2161 178 2169 Ι
251 2081 392 2146 numeris
425 2081 458 2145 in
492 2081 676 2164 pedestrem
711 2100 889 2148 sermonem
923 2102 1114 2150 conversum
1148 2081 1210 2147 bac
1242 2080 1345 2145 forma
1373 2077 1420 2142 di·
1536 2071 1537 2074 ’

251 2184 416 2267 volgatum
452 2204 524 2250 esse
552 2187 598 2249 ita
626 2190 662 2249 ut
690 2185 795 2250 altera
823 2187 920 2270 plane
949 2187 1088 2271 periret,
1124 2191 1220 2268 atque
1249 2182 1420 2249 nonnullas

250 2307 401 2353 versuum
430 2288 608 2372 particulas
634 2290 667 2353 in
694 2288 757 2354 illis
785 2287 976 2372 fragmentis
1004 2289 1066 2354 sibi
1095 2289 1223 2353 videtur
1246 2285 1418 2353 offendere.

251 2391 289 2455 In
326 2396 472 2456 extrema
509 2390 711 2475 praefatione
745 2391 872 2457 Vahlen
909 2393 1063 2458 nonnulla
1097 2392 1207 2475 affert,
1246 2409 1330 2472 quae
1364 2393 1421 2453 aut

251 2494 389 2558 Ennium
427 2494 573 2560 indicant
609 2501 681 2578 aut,
719 2501 754 2560 ut
790 2496 861 2579 ipse
899 2494 993 2579 dicit,
1032 2496 1209 2578 robiginem
1246 2491 1420 2559 vetustatis

252 2597 381 2663 babent.
443 2596 571 2663 Deinde
605 2597 798 2664 Skutsebius
836 2599 1152 2684 (Pauly-wissowa,
1186 2594 1420 2680 Realenzyklo·

253 2701 350 2785 pudic
378 2702 457 2767 1905
483 2701 519 2784 V,
537 2702 620 2766 2600
641 2702 713 2787 sq.),
737 2703 791 2767 ubi
816 2702 856 2768 de
874 2703 968 2768 Ennii
990 2703 1058 2767 vita
1081 2709 1114 2767 et
1134 2701 1262 2786 scriptis
1279 2699 1419 2782 disserit,

258 2803 341 2870 hanc
375 2825 443 2869 rem
476 2806 638 2871 tractavit.
690 2805 809 2872 Docuit
839 2814 947 2872 autem
977 2826 1126 2872 versuum
1154 2804 1361 2888 reliquiarum
1387 2803 1419 2867 in
1536 2789 1537 2824 ³

252 2907 316 2972 illis
345 2907 533 2990 fragmentis
562 2901 641 2973 nihil
668 2909 784 2992 inesse,
814 2910 871 2976 sed
900 2912 1017 2995 probat
1043 2929 1094 2988 ea,
1123 2929 1207 2991 quae
1231 2907 1357 2973 Vahlen
1386 2911 1422 2971 ut

251 3016 397 3076 veterum
420 3010 581 3078 scribendi
603 3031 706 3094 genus
730 3012 937 3096 demonstret,
963 3014 1057 3079 affert
1080 3018 1178 3095 atque
1201 3011 1295 3096 plura
1314 3010 1420 3075 inesse
1536 3065 1537 3074 ,

253 3112 332 3179 dicit
359 3133 443 3196 quae
472 3115 500 3180 si
528 3135 599 3180 oum
630 3115 774 3180 eiusdem
798 3117 917 3182 aetatis
940 3117 1152 3201 scriptoribus
1176 3133 1345 3199 compares
1368 3132 1420 3178 ve·
1536 3107 1537 3144 ³

252 3222 340 3282 tuste
362 3236 435 3282 esse
457 3216 553 3283 facile
577 3216 758 3300 intellegas.
795 3220 895 3284 Porro
918 3220 991 3286 aliis
1007 3220 1048 3284 de
1065 3220 1182 3300 causis,
1207 3238 1291 3301 quae
1307 3216 1420 3282 melius

253 3320 341 3404 apud
364 3321 469 3404 ipsum
492 3321 591 3404 leges,
620 3320 714 3387 docet
736 3340 776 3386 ea
799 3321 980 3405 fragmenta
1003 3329 1038 3388 ut
1061 3344 1081 3388 a
1104 3322 1275 3388 Lactantio
1300 3320 1421 3386 tradita

253 3430 327 3489 sunt
342 3424 436 3488 llnnii
460 3443 540 3490 esse.
579 3424 647 3491 Nos
669 3444 741 3490 eum
757 3427 848 3509 sequi
864 3446 927 3492 non
943 3427 1129 3493 dubitamus
1145 3433 1242 3510 atque
1258 3426 1421 3507 miramur,

256 3527 341 3610 quod
358 3526 536 3595 Schanzius
559 3531 591 3592 in
615 3531 710 3594 tertia
734 3529 874 3595 editione
898 3529 1051 3597 historiae
1074 3531 1251 3594 litterarum
1261 3533 1285 3610 3)
1308 3529 1341 3593 in
1362 3547 1422 3593 sua

253 3632 414 3698 sententia
437 3639 634 3717 perseverat,
661 3653 759 3715 quam
782 3634 870 3699 nulla
893 3635 959 3699 alia
982 3655 1016 3700 re
1039 3632 1207 3700 confirmat
1229 3633 1291 3699 nisi
1314 3631 1421 3696 verbis

252 3735 288 3800 L.
306 3736 483 3818 Muelleri4)
507 3734 594 3821 („ich
617 3735 703 3800 finde
726 3736 758 3800 in
774 3736 871 3801 ibnen
895 3737 950 3820 [so.
967 3734 1168 3824 fragmentis]
1193 3734 1422 3815 ebensowenig

252 3838 353 3904 Verse
376 3838 425 3904 als
448 3837 695 3924 Archaismen“)
719 3845 752 3904 et
768 3839 944 3905 Godefredi
959 3839 1149 3924 Bernhardy
1158 3843 1183 3919 5)
1208 3839 1268 3919 (sie
1291 3847 1420 3904 mllssen

320 4078 341 4143 ¹)
361 4078 395 4130 M.
409 4076 527 4144 bobane,
546 4077 696 4132 Rbmiscbe
714 4077 1041 4134 Literatur·Geschiehte
1059 4081 1088 4133 1²
1107 4085 1149 4137 71.

321 4164 343 4228 ²)
361 4163 507 4218 Ennianae
517 4165 617 4219 Poesis
626 4165 773 4233 Reliquiae
787 4166 830 4219 ed.
840 4165 975 4234 Vahlcn⁹,
988 4167 1100 4235 Lipsiae
1113 4170 1188 4235 1903,
1201 4165 1290 4235 praef.
1301 4170 1349 4222 991
1362 4180 1422 4234 sqq.

320 4252 342 4316 8)
362 4251 396 4303 Μ.
411 4249 530 4319 Schanz,
547 4251 629 4305 Rom.
641 4252 743 4308 Lit-G.
755 4253 792 4321 1³,
813 4258 888 4321 1907,
906 4269 931 4322 p.
948 4257 1005 4310 190.

321 4338 343 4405 ⁴)
362 4340 392 4391 L.
407 4338 513 4407 lllliller,
533 4337 563 4402 Q.
575 4339 691 4406 Ennius,
711 4343 787 4408 1884,
805 4357 832 4409 p.
847 4344 905 4397 113.

320 4425 343 4493 ¹⁵)
363 4424 539 4497 Bernhardy,
550 4425 689 4480 Grundriss
700 4427 749 4480 der·
758 4428 984 4497 rbm.Literatur,
994 4428 1235 4498 Braunschweig¹⁵
1244 4432 1319 4496 1879,
1329 4444 1355 4495 p.
1363 4431 1421 4484 461.
