3154 4926
715 311 840 408 21¹

152 504 214 547 non
246 488 311 546 tam
339 482 403 546 vim
428 482 540 564 augeri
563 502 657 564 quam
683 483 874 547 sententiam
898 484 1081 549 accuratius
1104 485 1319 550 circumscribi

153 592 301 670 apertum
325 590 389 650 est:
414 585 504 669 Calp.
521 585 597 650 Piso
620 584 656 649 fr.
674 587 715 650 36
740 584 792 650 bis
808 586 997 652 consulibua
1012 587 1070 670 qul
1080 587 1226 670 proximi
1241 593 1323 654 seret

152 726 193 734 -
224 689 304 754 Gell.
323 688 396 770 Vll,
422 689 511 772 lul
545 689 604 754 sub
634 694 758 754 coetero
786 711 860 756 com
886 690 1179 774 advesperasceret3
1214 691 1319 760 XVII>

152 793 204 874 21,
221 793 257 856 31
285 791 520 858 Demosthenes
541 793 625 876 supa
648 792 788 858 solertem
810 794 934 876 petivit,
959 815 1095 878 cumque
1116 794 1153 859 r‘ol
1174 794 1213 878 eo',
1237 795 1322 878 qood

151 897 294 980 superat,
314 895 468 978 probrose
490 895 670 961 obiceretur
687 946 693 960 .
711 944 718 960 .
737 946 742 959 .

271 1083 290 1158 ξ
314 1080 343 1142 6.
388 1079 471 1144 Una
494 1078 650 1144 duobus
672 1079 808 1144 verbis
831 1079 1063 1162 exprimitur
1085 1082 1204 1146 nolio.

217 1189 269 1255 Ab
293 1191 423 1274 optimis
445 1191 656 1274 scriptoribus
672 1191 798 1256 Latinis
821 1210 921 1275 saepe
945 1191 1071 1258 duobus
1094 1193 1202 1259 verbis
1226 1214 1319 1278 sync-

152 1294 258 1376 nymis
285 1301 342 1358 aut
369 1294 535 1378 paululum
565 1294 706 1378 mutatis,
741 1313 825 1376 quae
856 1299 895 1375 ei,
925 1299 1023 1377 atque
1051 1297 1128 1378 (oc),
1158 1319 1219 1380 que
1246 1305 1319 1363 con-

155 1397 374 1462 iunctionibus
388 1397 589 1482 copulantur,
606 1417 704 1462 unam
720 1397 880 1473 notionem
898 1399 1045 1482 exprimi,
1062 1406 1098 1464 ut
1113 1399 1197 1465 Gelli
1213 1401 1320 1466 verbis

153 1507 236 1582 utar,
267 1500 423 1566 onerandi
451 1501 504 1566 vel
534 1501 751 1586 exprobrandi
784 1501 924 1566 criminis
952 1521 1054 1567 causa
1084 1502 1190 1586 (XIII,
1213 1504 1264 1582 25,
1285 1504 1320 1587 9)

154 1623 248 1668 nemo
272 1607 416 1685 nescitll.
454 1604 559 1681 Quam
583 1604 736 1670 orationis
763 1603 901 1686 figuram
924 1624 1118 1704 quamquam
1143 1627 1163 1670 a
1187 1607 1321 1673 Graecis

156 1709 292 1791 petitam
309 1727 381 1774 csse
397 1713 568 1792 cenetam),
592 1715 702 1773 tamen
725 1707 863 1773 eandem
877 1708 1049 1774 verborum
1065 1711 1320 1776 coniunctionem

155 1810 245 1895 apud
262 1811 434 1895 scriptores
450 1813 566 1896 prioris
581 1812 710 1891 aetatis,
726 1812 779 1895 qui
794 1831 919 1877 summa
936 1823 1004 1877 arte
1020 1813 1162 1894 linguam
1179 1819 1320 1880 tractare

153 1912 296 1978 nondum
312 1921 534 2000 assueverant,
551 1915 707 2000 imprimis
723 1914 812 1998 apud
828 1914 1016 1995 catonemr)
1033 1922 1066 1979 et
1087 1915 1174 2000 apud
1197 1936 1321 1982 comoe-

154 2016 280 2083 diarum
291 2021 314 2098 3)
339 2019 512 2103 scriptores
527 2019 717 2102 saepissime
733 2019 922 2083 invenimus.
954 2019 994 2082 Hi
1017 2039 1080 2085 non
1102 2025 1168 2084 tam
1184 2020 1321 2085 ornandi

154 2140 255 2185 causa
278 2121 357 2186 illud
384 2121 530 2188 lecerunt
557 2143 652 2205 quam
676 2141 717 2187 ea
739 2141 774 2186 re
796 2121 931 2188 adducti
954 2122 1039 2205 quod
1063 2122 1189 2189 dnobus
1212 2125 1320 2189 verbis

153 2222 291 2288 eandem
307 2225 467 2291 notionem
484 2226 612 2309 planius
634 2232 666 2290 ct
688 2224 872 2292 distinctius
887 2224 1063 2307 significari
1079 2226 1320 2292 existimabant.

153 2325 277 2404 Quodsi
306 2327 395 2412 apud
423 2328 573 2412 Gellium,
603 2335 639 2394 ut
666 2329 787 2412 passim
816 2328 972 2411 videmus,
1003 2329 1065 2394 illis
1093 2329 1229 2395 similem
1252 2351 1321 2396 ver-

155 2433 268 2496 borum
303 2433 557 2498 coniunctionem
593 2433 783 2516 saepissime
821 2431 1014 2498 offendimus
1049 2453 1105 2516 pro
1138 2440 1214 2499 noto
1250 2435 1318 2501 eius

154 2541 299 2600 veterum
322 2535 429 2602 studio
453 2542 486 2600 et
507 2555 617 2601 amore
640 2557 703 2600 non
727 2556 768 2601 ex
783 2536 913 2619 optimis
932 2535 995 2602 illis
1010 2537 1221 2620 scriptoribus
1244 2557 1316 2602 eam

156 2639 293 2722 petitam
317 2658 399 2720 csse,
427 2638 495 2705 sed·
509 2645 636 2704 veteres
660 2639 800 2705 Gellium
824 2637 884 2705 bac
907 2659 1034 2722 quoque
1061 2640 1093 2703 in
1116 2660 1151 2705 re
1179 2639 1223 2705 ad
1254 2641 1321 2705 imi-

157 2741 292 2808 tandum
305 2741 366 2807 sibi
378 2743 585 2827 proposuisse
601 2742 784 2808 conicimus.
809 2744 915 2825 Atque
930 2743 1027 2808 valde
1041 2743 1195 2808 miramur
1211 2744 1320 2809 simili-

156 2845 299 2910 tudinem
323 2848 493 2913 verberum
517 2865 600 2929 quae
620 2845 681 2911 hac
696 2847 728 2910 in
752 2866 786 2910 re
801 2844 972 2910 intercedit
993 2847 1077 2911 inter
1100 2847 1267 2912 scaenicos
1289 2853 1322 2911 et

154 2949 336 3031 Gellium).
375 2949 438 3016 Sed
463 2969 534 3016 cum
557 2950 626 3015 fieri
649 2970 712 3015 ncn
735 2951 839 3034 possit
861 2956 896 3015 ut
919 2948 1000 3015 duos
1022 2950 1094 3016 illos
1117 2950 1223 3016 sontes
1246 2952 1320 3016 sub·

156 3052 253 3116 tiliter
275 3051 507 3136 discernamus,
536 3073 591 3119 ecs
619 3059 744 3118 tantum
767 3054 854 3120 locos
877 3059 1022 3118 veterum
1044 3051 1217 3137 proferam,
1240 3073 1321 3136 quos

156 3155 260 3221 Gellio
283 3155 315 3220 in
338 3157 483 3223 oratione
499 3156 723 3241 componenda
744 3165 820 3223 ante
843 3157 952 3223 oculos
976 3156 1075 3223 fuisse
1092 3163 1240 3241 apertum
1261 3164 1321 3242 est,

154 3258 271 3340 quibus
301 3260 447 3343 probatis
475 3266 585 3326 celcra
608 3279 734 3344 quoque
761 3260 837 3327 inde
859 3259 959 3326 fluere
988 3281 1050 3325 non
1080 3262 1149 3326 sine
1174 3261 1319 3326 veritatis

154 3363 263 3446 specie
288 3363 419 3448 conicio.

222 3468 246 3530 1.
287 3466 429 3532 *Ennius
469 3489 498 3532 v.
534 3469 593 3534 183
622 3467 726 3546 R((}.
754 3467 845 3550 XIX,
877 3470 923 3549 10,
955 3466 1006 3548 12)
1047 3471 1186 3532 meatem
1224 3471 1322 3549 utque
1377 3462 1380 3467 ’

154 3569 335 3650 ocimom⁵l
367 3606 397 3637 ω
427 3570 510 3637 Gell.
535 3573 576 3655 11,
604 3574 630 3654 1,
654 3571 673 3634 2
702 3572 822 3637 meotis
851 3576 948 3654 alque
975 3569 1095 3653 colora
1125 3570 1184 3652 XI,
1210 3572 1258 3653 18,
1280 3571 1320 3634 23

223 3751 244 3816 1)
263 3748 306 3804 uf.
324 3749 438 3804 Norden
456 3751 490 3804 K.
504 3751 535 3804 P.
552 3766 578 3818 p.
595 3754 652 3806 167.
689 3751 767 3804 Haec
786 3747 898 3802 dicendi
921 3746 1103 3816 amplificatio
1128 3764 1145 3801 a
1165 3746 1256 3816 figura
1274 3747 1322 3800 illa

152 3852 237 3905 quam
270 3831 301 3889 tv
319 3833 366 3890 διὰ
384 3837 463 3890 δυοῖν
481 3837 666 3905 nominamus,
689 3835 864 3905 seiungenda
888 3839 940 3902 est,
962 3834 1128 3902 praesertim
1149 3851 1210 3888 cum
1231 3833 1321 3889 Gellio

152 3924 207 3977 hac
230 3923 258 3976 iu
285 3921 377 3992 figura
401 3922 561 3977 adhibenda
585 3939 648 3977 cum
671 3922 817 3978 veteribus
841 3922 909 3975 nibil
934 3938 1081 3976 commune
1102 3920 1235 3976 videatur
1258 3937 1321 3975 esse

152 4026 208 4078 quc
229 4008 264 4063 ab
284 4009 397 4078 optimis
417 4008 602 4078 scriptoribus
622 4009 743 4064 differat.

222 4097 244 4162 ²)
263 4094 306 4151 uf.
325 4096 438 4151 Norden
457 4098 473 4149 l.
488 4113 511 4150 c.

223 4184 245 4249 ³)
264 4181 307 4236 Os.
325 4183 434 4237 Lorenz
454 4183 490 4237 ad
508 4183 600 4238 Plaut.
613 4185 696 4239 Most.
710 4189 786 4252 1148,
806 4184 842 4238 ad
861 4185 916 4238 Mil.
929 4189 980 4242 448
1000 4188 1029 4237 et
1045 4188 1106 4242 451.

220 4269 241 4334 4)
263 4268 347 4324 Gellii
358 4269 437 4324 lcecs
451 4276 657 4340 congesserunt
669 4271 779 4340 Gorges
792 4288 818 4339 p.
832 4276 865 4329 58
878 4287 938 4340 sqq.
952 4275 981 4324 et
993 4270 1082 4325 Ebert
1094 4272 1111 4324 l.
1124 4287 1147 4324 c.
1160 4287 1187 4338 p.
1197 4274 1246 4328 581
1262 4286 1322 4338 sqq.

221 4357 242 4423 ὖ)
261 4357 292 4410 In
305 4355 453 4412 Thesauro
465 4357 592 4428 Linguae
605 4359 723 4412 Latinae
743 4375 764 4412 s.
778 4375 806 4411 v.
825 4361 907 4427 atquc
926 4357 1018 4411 nullus
1031 4357 1110 4412 locus
1122 4361 1236 4426 praeter
1249 4356 1322 4409 bunc

151 4443 311 4500 Ennianum
331 4459 348 4496 a
365 4444 480 4499 Klotzio
500 4445 625 4501 affertur.
