3154 4926
750 311 791 375 45

182 481 392 550 ‘voltarvam'
426 480 573 548 Romaai
600 487 717 549 vocarit
749 521 806 564 -,
842 504 926 549 eam
953 483 1104 566 plerique
1135 483 1255 550 Graeci
1283 535 1289 548 .
1315 536 1350 558 .,

181 585 329 668 slpo'rotor
342 588 528 670 appellarit,
543 586 635 669 XIX,
657 588 681 670 l,
696 587 713 651 2
731 586 770 651 N
771 609 817 652 oa
833 587 993 670 deivdc1),
1009 607 1093 669 avae
1109 587 1192 653 diem
1203 588 1351 670 primarii

179 694 289 756 secato
312 694 368 772 est,
394 691 437 757 ia
459 711 502 756 ea
530 692 616 774 fere
646 694 729 757 tota
752 695 868 756 veritas
891 712 913 757 a
937 692 1039 756 latere
1061 691 1210 758 saevieris
1232 712 1350 758 aavcra

180 793 282 878 aredis
303 793 560 878 compleveras).

244 919 264 997 ξ
287 916 338 982 29.
383 916 410 980 n
433 918 592 981 contrario
613 915 699 981 notio
715 935 798 997 quae
815 915 980 981 enuntiato
996 915 1189 981 secundario
1204 922 1237 980 et
1252 936 1350 982 enun-

180 1017 260 1083 tiato
276 1018 428 1102 primario
443 1021 620 1086 communis
636 1019 732 1084 estin
749 1024 884 1102 utroque
900 1019 1066 1084 enuntiato
1078 1018 1131 1084 hic
1142 1019 1207 1085 illie
1220 1020 1349 1104 ponitur

180 1141 200 1185 a
229 1123 392 1187 veteribus
420 1128 454 1186 et
481 1142 502 1186 a
531 1122 650 1188 Gellio:
678 1122 771 1206 XIII,
794 1123 824 1206 2,
850 1124 863 1188 l
898 1121 980 1189 Cam
1006 1122 1210 1190 Pucavias
1231 1173 1238 1187 .
1256 1173 1288 1186 ..
1311 1144 1351 1187 ea

180 1224 260 1290 arbe
282 1225 446 1306 concessit,
477 1225 598 1292 Accias
619 1275 675 1290 ...
698 1225 836 1291 devertit
862 1226 906 1292 ad
926 1226 1163 1308 Pucaviam3
1191 1226 1267 1309 XII,
1283 1227 1349 1309 5,3

181 1326 263 1394 Cara
288 1328 468 1396 Tarrras.
488 1380 493 1392 .
512 1381 519 1394 .
537 1330 673 1396 medicos
696 1330 903 1396 accersisset.
923 1381 929 1396 .
947 1380 969 1411 .,
994 1330 1108 1413 iaqait
1131 1329 1294 1395 Taaras
1317 1365 1347 1396 ω

179 1433 285 1497 Plaut.
306 1432 424 1497 Bacch.
447 1433 509 1497 442
546 1435 648 1515 Qvora
677 1438 832 1517 patrem
865 1435 965 1500 adeas
993 1435 1214 1517 postulatam,
1245 1454 1349 1516 paero

113 1602 118 1612 ‚
178 1535 225 1600 sic
252 1535 333 1601 dicit
354 1540 491 1621 pater,
524 1537 578 1603 lex
605 1537 671 1602 XII
699 1539 765 1602 tab.
788 1538 886 1620 1V,2
916 1537 979 1618 (ed.
1003 1538 1132 1603 Schoell
1161 1558 1191 1621 p.
1219 1538 1290 1617 125)
1320 1537 1349 1602 si

174 1642 294 1722 pater
321 1639 463 1724 filiam
492 1644 540 1705 ter
567 1661 687 1706 verram
710 1641 792 1722 dait,
821 1641 947 1725 filias
975 1646 1135 1724 epatre
1164 1640 1246 1706 tiber
1268 1645 1348 1724 esto,

180 1742 537 1827 praecauendum,
561 1743 660 1810 Stich.
677 1744 754 1828 287,
779 1745 860 1810 Cato
884 1766 914 1810 a.
931 1765 957 1810 c.
978 1745 1047 1810 120.

244 1847 324 1910 Item
353 1867 527 1931 pronomen
556 1846 844 1914 demonstrativum
872 1849 905 1913 in
934 1848 1099 1913 enuntiato
1128 1847 1281 1931 primario
1315 1853 1348 1911 et

180 1949 370 2015 secundario
386 1951 530 2035 ponitur:
554 1951 593 2016 8.
610 1951 651 2035 Χ,
671 1951 718 2035 12,
736 1954 755 2016 5
779 1973 877 2036 evm,
901 1952 959 2034 qvi
973 1952 1010 2017 id
1023 1971 1082 2016 vas
1096 1952 1194 2036 ferat,
1219 1949 1348 2016 etiamsi

179 2052 214 2118 is
241 2053 279 2118 ia
301 2054 404 2120 medio
421 2056 539 2138 palam
561 2060 718 2137 versetur,
750 2055 887 2122 avalia
909 2055 1014 2120 videri
1032 2075 1125 2137 posse
1148 2055 1206 2138 (sc.
1230 2053 1289 2133 ait)
1315 2087 1345 2118 ω
1458 2089 1459 2092 ¹

179 2156 282 2221 Plaut.
299 2157 363 2221 Mil.
380 2157 461 2222 1083
484 2158 514 2223 si
537 2157 600 2224 tric
617 2159 713 2241 prior
734 2163 837 2225 datas
859 2159 946 2243 foret
964 2179 1064 2241 avari
1079 2157 1176 2242 illest,
1201 2156 1265 2222 liic
1288 2157 1346 2224 lra-

179 2259 266 2324 teret
286 2280 426 2344 repetam
447 2261 486 2328 iv
502 2264 597 2328 caelo.
637 2262 718 2327 Gell.
736 2263 830 2343 XIII,
853 2263 935 2345 12,5
959 2283 1032 2327 carr
1055 2261 1124 2327 hoc
1148 2261 1345 2345 lepisseravs,

177 2362 219 2428 id
232 2363 340 2446 ipsam
350 2370 464 2447 pastea
480 2367 677 2447 iavcaivtas,
702 2366 741 2432 cf.
758 2366 847 2449 XVI,
860 2365 890 2448 8,
903 2365 939 2449 8,
962 2366 1133 2450 XVII,13,
1148 2367 1182 2430 ll
1204 2400 1234 2432 ω
1252 2367 1344 2450 Capi.

181 2468 218 2531 19
242 2466 279 2532 Is
296 2473 469 2552 postquam
493 2470 596 2536 livac
619 2470 697 2536 erait
718 2469 808 2536 dedit
829 2491 927 2552 eam,
951 2469 990 2535 ef.
1014 2469 1087 2534 Ter.
1105 2469 1182 2534 Heu.
1200 2468 1272 2534 243.

241 2592 261 2669 ξ
289 2590 340 2654 30.
390 2589 470 2656 Cum
504 2591 559 2656 illo
589 2598 733 2657 veterum
762 2591 869 2657 studio
897 2592 1078 2657 sententiis
1106 2597 1232 2674 partem
1261 2609 1345 2672 quae

177 2692 369 2775 gravissima
397 2693 525 2759 ridetur
559 2695 616 2760 toti
647 2696 827 2761 sententiae
855 2692 1079 2779 praeponendi
1107 2692 1161 2756 ille
1189 2713 1266 2758 usus
1294 2712 1345 2757 co·

177 2794 298 2880 haeret,
333 2817 395 2880 qno
429 2798 461 2861 in
494 2799 661 2864 enuntiato
689 2797 841 2881 primario
869 2799 1072 2878 seutentiam,
1107 2815 1192 2878 quae
1220 2795 1345 2860 abillo

177 2896 349 2983 dependet,
373 2902 561 2985 pronomine
583 2903 636 2967 vel
658 2901 815 2967 adverbio
838 2900 1092 2967 demonstrativo
1112 2898 1267 2964 indicant.
1304 2896 1345 2963 111

176 3002 262 3084 quod
295 3005 485 3088 saepissime
519 3006 552 3070 in
586 3012 730 3072 veterum
764 3006 954 3089 fragmentis
983 3023 1067 3087 quae
1097 3003 1222 3069 Gellius
1251 3003 1344 3068 nobis

176 3105 312 3171 tradidit
334 3108 527 3175 invenimus:
552 3109 654 3175 *Cato
675 3110 704 3175 J.
722 3130 752 3195 p.
770 3110 821 3194 67,
839 3111 858 3173 3
882 3109 933 3186 (G.
950 3108 1043 3190 XIII,
1060 3107 1090 3189 8,
1112 3110 1140 3187 1)
1164 3106 1222 3172 ita
1246 3106 1346 3173 vivat

176 3208 214 3274 ia
247 3211 406 3295 sepetibas
438 3213 478 3278 ia
506 3212 616 3278 herbis
645 3214 728 3280 bova
755 3215 929 3299 frameata
956 3233 1038 3294 essc3
1071 3210 1173 3304 *Cato
1198 3211 1235 3293 V,
1260 3210 1344 3276 lta

176 3312 230 3394 (8.
248 3314 302 3397 VI,
319 3315 349 3400 3,
365 3315 421 3399 36)
447 3316 511 3397 aar·
535 3318 692 3383 acerrime
715 3319 873 3384 advorsus
894 3337 944 3383 eos
959 3317 1040 3382 dicit
1060 3315 1122 3381 ita
1145 3314 1225 3379 dicit
1240 3313 1345 3379 hostes

175 3418 315 3483 votaisse
336 3418 424 3502 sieri,
448 3419 488 3485 cf.
505 3419 568 3485 lid.
584 3420 621 3504 V,
635 3424 654 3486 7
670 3421 690 3486 J
698 3446 706 3503 ,
730 3421 792 3486 tid.
814 3423 861 3504 19,
878 3422 898 3487 9
914 3422 933 3487 J
951 3420 1075 3501 (8.111,
1090 3418 1119 3500 7,
1137 3420 1203 3499 15),
1227 3416 1290 3480 *id
1304 3418 1342 3499 V,

176 3523 194 3586 2
216 3523 236 3588 J
260 3521 437 3606 (avae,
461 3524 512 3603 16)
540 3525 596 3589 sed
622 3525 710 3590 eadm
736 3525 777 3590 id
803 3530 946 3590 metaere
976 3523 1054 3608 (ae),
1084 3522 1113 3586 si
1142 3541 1235 3586 acmo
1263 3525 1345 3585 esset

175 3623 276 3706 homa
301 3646 394 3708 qvem
416 3647 613 3708 vereremur,
644 3628 805 3712 qvidqvid
829 3628 954 3694 labaret
974 3628 1172 3712 facercrnas3
1206 3622 1342 3689 *Claud

174 3728 212 3792 fr.
233 3729 269 3793 16
289 3729 315 3792 Ρ
339 3728 392 3812 (8.
410 3731 452 3814 ΙΙ,
473 3731 521 3814 19,
538 3733 570 3811 7)
605 3730 664 3796 Ea
693 3731 827 3798 Lacavi
861 3731 918 3798 alti
946 3730 1160 3808 resciverant,
1194 3725 1259 3791 sibi
1282 3747 1343 3809 per

173 3832 332 3915 fallacias
354 3833 454 3900 verta
478 3835 556 3901 data
579 3855 658 3916 esse,
686 3834 829 3901 *Asellio
851 3834 889 3899 fr.
906 3835 967 3900 7P
992 3832 1104 3915 (8.11,
1126 3832 1173 3912 13,
1191 3832 1222 3904 5)
1246 3850 1342 3895 orare

174 3935 276 4018 coepit
307 3936 348 4002 id
380 3937 520 4020 paidom,
551 3937 603 4003 ati
629 3959 663 4002 se
689 3939 916 4023 defenderent,
950 3938 1064 4002 *vetus
1091 3934 1141 4002 88
1171 3933 1267 4011 (8511.
1285 3933 1341 4016 IV,

174 4039 204 4122 6,
221 4040 269 4122 2),
298 4039 381 4105 *ves
403 4040 452 4106 SO
476 4040 530 4120 (8,
546 4041 618 4123 XV,
637 4044 685 4124 Il,
707 4045 752 4126 1),
775 4042 956 4109 *Caecilius
979 4061 1010 4104 v.
1030 4041 1090 4106 130
1109 4040 1137 4103 R
1161 4037 1213 4117 (G.
1230 4039 1272 4120 ΙΙ,
1290 4038 1340 4119 23,

176 4144 237 4223 10).
262 4181 303 4189 -
327 4143 451 4210 Gellius
476 4145 537 4210 hac
559 4165 686 4227 quoque
707 4147 739 4210 in
755 4165 789 4210 re
805 4151 931 4211 veteres
947 4143 1038 4227 sequi
1054 4142 1196 4208 ridetur:
1221 4139 1258 4222 V,
1275 4141 1304 4223 3,
1322 4141 1340 4203 7

174 4285 370 4292 ..-ψ-

243 4351 264 4417 1)
283 4349 329 4404 Sic
347 4349 424 4413 libri;
444 4367 514 4419 qaae
533 4350 585 4405 del.
606 4349 723 4406 Goebel.

240 4437 261 4504 Ω)
281 4437 339 4491 Iam
358 4437 455 4505 Ebert,
473 4438 490 4493 l.
504 4455 527 4492 a.
546 4454 571 4506 p.
585 4441 646 4506 580,
666 4438 739 4493 hunc
759 4439 851 4494 locum
870 4441 1013 4495 attulerat
