3154 4926
292 515 542 600 creberrimum3
566 523 664 599 atquo
685 515 798 581 eodem
814 514 913 580 verbo
929 515 999 599 ipse
1017 515 1129 581 utitur:
1155 517 1179 599 Ι,
1198 517 1227 599 2,
1246 519 1281 599 53
1304 515 1363 600 XI,
1381 518 1409 600 5,
1428 517 1463 598 43

295 620 369 702 XX,
391 621 417 700 1,
435 621 499 705 51).

360 725 442 788 Item
465 721 656 806 cumprimis
677 722 811 787 verbum
835 740 877 786 ex
897 721 1034 788 Claudio
1058 723 1197 788 afferens
1221 723 1342 806 (XVII,
1360 723 1389 807 2,
1410 724 1461 807 14)

293 827 385 893 dicit:
411 827 578 911 ‘adprime'
602 825 750 892 crebrius
771 829 826 906 est,
852 825 1049 908 ‘cumprime'
1072 826 1189 892 rarius
1213 827 1464 910 traductumque

294 953 335 996 eu
358 954 391 998 eo
414 935 470 1012 est,
495 931 580 1014 quood
603 928 812 1012 ‘cumprimis'
837 929 990 995 dicebaut
1006 951 1069 1012 pro
1091 931 1177 1014 quod
1198 934 1245 994 est
1268 929 1461 1014 imprimis,

294 1056 429 1119 qnorum
457 1033 684 1100 vocabulorum
714 1032 855 1099 secundo
884 1051 984 1118 saepe
1018 1033 1132 1098 utitur:
1167 1033 1322 1117 1,13,7;
1356 1035 1403 1116 15,
1426 1034 1463 1115 ὃς

294 1140 352 1224 XI,
370 1141 400 1222 3,
419 1139 434 1202 l
452 1137 536 1217 alst).
1538 1209 1539 1216 ,

358 1243 440 1307 Item
465 1240 506 1305 de
522 1239 650 1306 Claudii
674 1260 733 1306 uos
755 1239 792 1304 iu
813 1239 955 1305 medium
970 1240 1195 1324 retiuquemus
1210 1240 1261 1322 (11.
1279 1241 1319 1304 25
1336 1241 1376 1321 P)
1399 1239 1463 1305 dis-

294 1365 406 1412 serens
435 1344 555 1427 (XVII,
577 1344 606 1427 2,
632 1343 699 1427 11):
732 1344 855 1428 colpus,
889 1343 1001 1427 inquit,
1031 1344 1080 1410 ‘iu
1106 1343 1218 1409 medio’
1254 1344 1352 1424 dicit·
1384 1364 1464 1409 uam

295 1449 414 1515 uitium
442 1468 508 1514 esse
535 1447 620 1513 istuc
641 1450 743 1530 putat
769 1451 808 1528 et,
836 1447 866 1511 si
894 1447 984 1513 dicos
1013 1447 1062 1512 ‘iu
1089 1447 1230 1513 medium
1252 1448 1394 1531 pomere’,
1429 1447 1466 1510 id

295 1573 421 1637 quoque
442 1553 585 1618 soloecou
602 1554 736 1633 putaui.
783 1549 839 1616 Set
860 1600 867 1612 .
886 1601 893 1615 .
910 1600 916 1613 .
936 1549 1055 1616 citium
1077 1550 1113 1616 id
1134 1570 1202 1616 uou
1225 1555 1278 1616 est.
1325 1552 1400 1635 Ipse
1423 1569 1465 1615 ea

294 1657 455 1723 iooutione
489 1655 605 1721 utitur:
639 1655 827 1738 VII,14,9
861 1653 900 1718 iu
934 1654 1075 1719 medium
1106 1653 1265 1736 rebiuquo.
1323 1653 1395 1730 Qua
1422 1652 1466 1717 de

296 1780 397 1827 eausa
423 1758 526 1825 amieo
555 1757 684 1824 cnidum
712 1757 897 1841 assentitur,
932 1759 986 1840 qui
1013 1757 1144 1839 legebat
1170 1757 1202 1821 in
1230 1757 1393 1822 Ciceronis
1422 1755 1465 1820 de

294 1865 370 1949 imp.
395 1863 451 1929 On.
468 1862 600 1946 Pompei
624 1861 768 1928 oratione
792 1861 882 1946 (XII,
899 1862 969 1942 331:
993 1861 1032 1926 iu
1048 1861 1254 1943 pruedouum
1273 1863 1466 1943 potestatem

295 1967 399 2054 fuisse
426 1968 512 2052 (1,7‚
533 1966 570 2030 16
594 1967 686 2050 squ),
716 1985 812 2048 quam
840 1964 975 2030 formam
1004 1971 1125 2030 restam
1154 1983 1226 2029 esse
1249 1963 1357 2029 Plauti
1385 1963 1466 2028 ‘ver-

296 2071 410 2136 borum
438 2069 627 2134 Latinorum
655 2068 897 2151 elegantissimi’
924 2088 1020 2134 versu
1049 2066 1176 2152 (Amph.
1198 2089 1227 2132 v.
1251 2067 1324 2150 180)
1353 2065 1466 2131 docet:

296 2195 433 2240 uumero
461 2171 544 2238 mibi
571 2173 608 2238 iu
636 2176 774 2237 meatem
799 2171 909 2255 futu).
959 2171 1083 2248 Quibus
1106 2177 1282 2237 commotus
1305 2171 1466 2253 Hertnius,

297 2277 387 2342 1.(1.
411 2296 492 2359 up.
518 2277 555 2340 15
589 2275 628 2341 iu
655 2275 802 2340 ordimem
831 2275 989 2358 scriptum
1017 2275 1087 2359 fuit
1119 2274 1192 2359 (IX,
1218 2276 1265 2357 14,
1287 2276 1319 2354 3)
1353 2279 1466 2338 contra

297 2379 494 2467 Madvigium
518 2378 680 2463 defendit,
704 2379 744 2444 of.
765 2367 865 2445 etiam
882 2379 955 2462 XX,
976 2380 1002 2462 1,
1020 2380 1054 2442 3:
1081 2378 1120 2443 iu
1143 2377 1309 2444 duodecim
1334 2376 1468 2443 tubulus

297 2483 601 2566 conscripseruut4).
646 2483 690 2549 Ut
712 2483 776 2548 iam
799 2483 905 2568 supra
922 2482 1026 2566 docui,
1051 2504 1114 2548 non
1138 2488 1204 2546 tam
1227 2481 1262 2546 id
1284 2482 1467 2548 incensum

296 2587 386 2653 venit
414 2585 500 2669 quod
528 2585 590 2650 hae
619 2606 701 2669 quas
729 2585 829 2652 affero
856 2586 1034 2652 locutiones
1061 2586 1315 2651 austerioribus
1339 2590 1468 2650 tantum

297 2690 507 2775 scriptoribus
535 2694 731 2774 usurpantur
758 2709 853 2772 quam
883 2688 968 2772 quod
992 2709 1012 2754 a
1036 2687 1140 2755 Gellio
1164 2689 1291 2773 priseae
1315 2708 1387 2754 esse
1410 2707 1468 2752 ex-

297 2795 534 2876 istimabantur,
558 2813 633 2857 nam
656 2791 745 2876 apud
768 2793 941 2877 scriptores
964 2813 1083 2858 aureae
1107 2812 1234 2875 quoque
1250 2811 1332 2873 quae
1348 2790 1468 2856 dicitnr

299 2904 331 2964 et
360 2903 535 2979 argenteae
558 2896 677 2962 aetatis
700 2896 733 2960 in
755 2895 914 2963 eiusmodi
937 2896 1153 2962 locutionibus
1176 2896 1309 2962 iusum
1332 2915 1467 2962 aecusa—
1538 2939 1539 2976 2

298 3001 364 3066 tivo
398 3019 477 3066 casu
511 2999 713 3066 coniunctum
746 2999 934 3084 invenimus,
970 3021 1035 3084 qua
1068 2999 1109 3064 de
1138 3020 1173 3065 re
1201 2999 1315 3066 videas
1345 2999 1466 3064 Handii
1538 3019 1539 3048 1

299 3106 394 3170 Turs.
410 3105 461 3168 III
484 3124 516 3188 p.
532 3104 677 3169 314-51
704 3108 736 3167 et
759 3103 915 3185 Draegeri
940 3102 1084 3186 Synt12
1103 3119 1136 3188 p.
1154 3103 1227 3167 661.

363 3206 531 3272 Simillima
568 3205 695 3271 videtur
732 3224 805 3270 esse
841 3206 923 3270 ratio
960 3207 1130 3272 verborum
1163 3206 1315 3289 plerique
1348 3225 1467 3271 omues.

298 3310 384 3377 Nam
421 3317 456 3374 ut
492 3308 572 3375 illud
609 3310 648 3375 iu
682 3309 822 3375 medium
856 3310 1082 3393 redimeremus
1115 3310 1250 3376 Graecis
1282 3309 1389 3375 verbis
1425 3310 1468 3378 εἰς

299 3413 394 3496 μέσον
432 3414 530 3475 θεῖναι
572 3412 619 3477 ita
656 3412 739 3478 hane
776 3433 901 3496 quoque
938 3415 1108 3479 verborum
1145 3413 1408 3499 compositionem
1448 3432 1470 3476 a

300 3517 462 3582 veteribus
498 3521 686 3600 usurpatam
722 3516 856 3582 Graecis
894 3517 1000 3583 verbis
1035 3516 1163 3582 videtur
1196 3516 1469 3602 comprobavisse,

300 3642 372 3686 oum
402 3619 625 3685 duodecimum
655 3626 754 3703 caput
775 3620 848 3685 libri
871 3620 961 3704 VI11,
989 3621 1042 3703 qui
1066 3621 1098 3684 in
1122 3619 1349 3703 manuscriptis
1372 3619 1470 3684 inter-

299 3724 387 3808 oidit,
415 3723 628 3808 inscripserit:
664 3723 752 3804 Quid
779 3723 942 3808 sipuificet
966 3724 1005 3790 iu
1026 3728 1171 3790 ueterum
1196 3723 1290 3790 tibris
1312 3722 1473 3806 scriptum

370 4034 390 4100 ¹)
410 4031 445 4086 cf.
465 4033 602 4101 Draeger,
625 4031 731 4085 Histor.
750 4029 858 4101 Syntax
882 4030 933 4084 der
957 4030 1051 4084 latein.
1071 4029 1196 4098 Sprache
1218 4031 1243 4084 11
1261 4035 1307 4094 77;
1331 4030 1417 4084 Hertz
1441 4046 1472 4082 v.

300 4120 482 4188 &amm

369 4204 801 4273 udfflmadapffi

369 4295 390 4359 ⁸)
411 4291 446 4347 cf.
466 4291 629 4347 Coelianum
647 4291 716 4346 illud
734 4291 779 4359 (fr.
793 4293 861 4350 251³
875 4306 918 4358 ap.
932 4290 1002 4346 Geli.
1016 4290 1051 4359 X,
1066 4294 1106 4355 24,
1121 4292 1147 4359 6)
1165 4290 1210 4344 die
1230 4289 1322 4359 quiuti
1340 4289 1372 4344 iu
1387 4289 1473 4358 Capi-

300 4381 400 4436 tolium
418 4379 519 4433 curabo
538 4378 588 4433 tibi
606 4397 674 4434 seua
692 4381 769 4434 cocta
788 4379 833 4433 sit.

369 4468 389 4531 ⁴)
409 4465 466 4520 Sed
484 4467 546 4534 XV,
560 4469 600 4534 13,
614 4472 658 4523 11:
678 4465 709 4520 iu
729 4465 799 4520 XII
813 4465 918 4520 tubulis
936 4464 1071 4534 scriptum
1089 4466 1138 4518 est.
