3154 4926
610 383 613 388 Ι
706 291 725 354 3

131 462 276 529 Asinius
299 467 330 527 et
348 461 498 546 Larpius
512 461 665 546 [ricinus
687 462 784 528 cuius
808 461 890 527 tiber
912 462 1008 528 etiam
1029 464 1140 548 fertur
1162 464 1305 549 infundo

133 568 231 632 tituto
255 565 497 648 Oiccromastin,
521 570 562 631 ut
580 566 721 633 scribere
743 567 819 633 ausi
834 567 905 633 sint
919 567 966 632 Μ.
984 566 1169 634 Ciceronem
1180 588 1304 651 parurn

131 671 261 755 intepre
283 675 381 754 utque
403 669 579 753 improprie
601 675 700 754 atque
722 670 966 736 inconsiderate
989 672 1139 737 tocntnrn.

199 773 266 839 Sed
291 776 319 838 si
342 774 450 839 omnia
472 774 713 859 complectimur
735 774 862 840 omissis
885 773 957 858 illis,
983 775 1038 841 ubi
1058 773 1217 840 nonsatis
1233 793 1303 857 per·

137 877 291 962 spicimus
318 876 434 961 quibus
461 878 557 943 rebus
580 877 625 941 illi
648 876 782 942 adducti
805 877 870 942 sint
892 882 927 942 nt
950 885 1015 941 tam
1038 877 1199 943 contraria
1221 877 1305 941 inter

134 1000 170 1046 se
200 979 241 1045 de
270 979 386 1046 iisdem
413 982 510 1047 rebus
538 981 657 1064 dicant,
687 980 836 1046 videmus
863 980 1002 1046 Gellium
1030 1003 1051 1046 a
1078 981 1225 1066 partibus
1254 1000 1303 1045 ar·

135 1084 333 1149 christorum
358 1085 398 1167 (si
423 1083 484 1150 hoc
506 1085 605 1150 verbo
628 1084 675 1149 nti
697 1084 774 1149 mihi
797 1085 884 1162 licet)
911 1090 998 1151 stare
1020 1090 1056 1149 nt
1077 1102 1208 1169 prorsus
1231 1104 1304 1148 cum

133 1188 296 1252 Frontone
313 1187 462 1253 concinat
472 1190 506 1271 1),
529 1186 563 1251 id
579 1186 665 1270 quod
680 1188 837 1272 imprimis
852 1187 1057 1273 percipimus,
1075 1188 1103 1252 si
1118 1193 1303 1272 spectamus

134 1295 290 1372 quantum
323 1290 455 1356 Catonis
487 1291 665 1356 auctoritas
699 1289 789 1375 apud
823 1310 896 1356 enm
929 1291 1047 1356 valeat.
1104 1291 1187 1357 Nam
1222 1290 1304 1356 (tato

133 1393 287 1459 Frontoni
311 1400 344 1458 et
366 1394 413 1460 eis
436 1394 491 1477 qni
515 1415 587 1459 enm
610 1394 799 1476 magistrum
820 1395 1039 1477 sequebantur
1053 1395 1215 1478 specimen
1232 1414 1304 1460 esse

132 1497 306 1563 videbatur
334 1498 579 1580 elegantiarum.
631 1497 733 1575 Quem
762 1502 961 1581 quantopere
988 1498 1134 1562 venerati
1157 1497 1221 1563 sint
1243 1517 1303 1580 pa-

135 1605 264 1668 tronun
288 1601 388 1666 Marci
412 1601 563 1668 Caesaris
586 1603 687 1667 rerba
710 1607 871 1667 testantur
894 1601 1029 1685 (Fronto
1051 1621 1083 1684 p.
1100 1601 1141 1665 36
1157 1600 1217 1683 Nl:
1241 1597 1305 1666 uni

134 1705 181 1768 ld
197 1705 314 1771 Porcio
336 1727 385 1770 rue
408 1704 555 1770 dedicavi
579 1709 676 1788 utque
699 1705 853 1788 despondi
877 1709 975 1788 atque
990 1704 1146 1788 detepaoi,
1171 1704 1224 1787 qui
1240 1704 1304 1769 alio

132 1809 202 1874 loco
226 1811 295 1874 eius
318 1808 480 1874 scribendi
503 1827 605 1891 genus
628 1809 722 1874 dulce
744 1809 973 1891 incorruptum
996 1829 1034 1874 oc
1049 1808 1208 1891 pudicum
1231 1826 1304 1873 esse

134 1912 258 1978 iudicat
292 1912 424 1990 (Fronto
455 1933 485 1996 p.
509 1912 572 1978 213
595 1912 638 1994 N)
661 1923 680 1989 ).
738 1911 862 1990 Quibus
895 1912 1012 1978 similia
1045 1911 1135 1996 apud
1165 1910 1304 1976 Gellium

133 2015 239 2100 ipsum
266 2016 412 2099 legimus,
441 2036 517 2080 nam
540 2015 673 2082 Catonis
702 2017 879 2082 orationem
909 2034 1006 2097 quam
1030 2015 1062 2078 in
1086 2013 1225 2079 Galbam
1248 2012 1303 2078 ha·

135 2121 251 2184 buerat
266 2118 420 2203 scriptam
437 2139 508 2185 esse
525 2118 604 2186 dicit
620 2119 660 2204 (l,
674 2119 725 2202 23,
741 2121 769 2196 1)
785 2139 858 2186 cnm
871 2119 978 2184 rnuttu
993 2117 1123 2200 quidem
1134 2121 1306 2184 venustate

134 2227 232 2306 atque
256 2223 326 2288 tuce
346 2227 443 2306 atque
463 2223 632 2289 nunditia
654 2222 834 2288 verborum.
872 2221 970 2306 Apud
986 2220 1124 2286 eundem
1140 2241 1211 2287 esse
1228 2221 1306 2286 dicit

134 2327 187 2410 (X,
204 2327 234 2408 3,
254 2329 305 2406 15)
329 2327 437 2391 omnia
459 2327 664 2409 incorrupto,
690 2325 802 2392 breuia
825 2329 856 2391 et
877 2315 944 2391 non
967 2345 1099 2407 operoso
1116 2325 1173 2391 sed
1185 2324 1305 2391 natica

133 2430 277 2512 quadam
299 2429 465 2496 suauitate
488 2429 647 2515 praedita,
671 2449 866 2512 quamquam
890 2428 1004 2494 hocin
1028 2429 1135 2512 capite
1151 2428 1305 2494 nonnulla

133 2533 313 2599 invenimus
341 2533 458 2616 quibus
481 2533 615 2600 Catonis
643 2532 733 2598 laudi
759 2533 889 2599 modum
913 2531 1074 2615 quendam
1097 2531 1225 2598 videtur
1248 2531 1304 2597 ad·

133 2635 255 2703 hibere.
306 2634 371 2700 Sed
400 2642 554 2719 quantum
583 2637 715 2703 Catonis
744 2656 843 2722 opera
871 2639 996 2702 triverit
1021 2636 1246 2719 intellegimus,
1277 2636 1304 2701 si

132 2759 284 2822 magnam
325 2738 579 2822 fragmentorum
617 2741 744 2825 copiam
781 2739 871 2824 apud
908 2758 981 2805 eum
1018 2744 1219 2804 servatorum
1256 2757 1304 2802 re·

133 2842 297 2928 spicimus,
320 2845 511 2928 praesertim
535 2865 608 2909 cum
631 2844 715 2909 inter
737 2864 848 2910 omnes
871 2847 997 2909 constet
1018 2841 1156 2908 Gelliam
1173 2841 1305 2907 Catonis

132 2946 231 3012 libros
254 2947 358 3032 ipsum
381 2947 562 3032 inspexisse
573 2952 606 3026 ³).

200 3049 352 3133 Reliquos
368 3050 541 3134 scriptores
557 3072 690 3135 quorum
707 3071 885 3118 sermonem
901 3049 1053 3133 imitatur,
1077 3057 1111 3114 ut
1126 3050 1304 3117 locutiones

133 3173 244 3218 eornm
274 3159 404 3237 praeter
431 3159 557 3222 ceteras
585 3157 722 3222 orationi
750 3175 830 3221 suae
858 3155 992 3237 inserat,
1027 3173 1099 3219 oum
1127 3153 1199 3218 aliis
1226 3155 1304 3220 locis

134 3262 303 3321 enumerat
318 3263 384 3322 tum
401 3257 433 3322 in
445 3258 535 3323 XXI.
551 3279 622 3344 cap.
636 3260 688 3324 lib.
698 3260 736 3342 V,
753 3259 807 3325 ubi
824 3265 954 3343 praeter
965 3258 1120 3324 Catonem
1133 3256 1303 3322 Claudium

136 3441 339 3448 -ᾖ-

203 3558 224 3624 ¹)
243 3557 281 3611 Ut
302 3557 440 3611 rationem
464 3557 612 3627 intellegas
638 3573 693 3626 qua
717 3560 830 3611 veteres
853 3555 1005 3610 imitandos
1028 3571 1090 3609 esse
1110 3559 1245 3609 censeant
1268 3555 1303 3610 cf.

132 3643 285 3697 Frontonis
303 3643 394 3697 verba
412 3644 449 3711 (p.
463 3647 497 3702 63
509 3645 543 3712 Ν)
563 3659 635 3712 quae
654 3645 709 3698 iam
727 3659 812 3711 supra
824 3659 852 3710 p.
864 3647 879 3699 2
894 3642 976 3696 attuli
989 3645 1017 3696 et
1029 3640 1111 3696 Gellii
1124 3641 1172 3709 qui
1184 3642 1303 3695 amicum

134 3728 275 3797 quendam
298 3731 398 3798 virum,
422 3734 453 3784 ut
472 3731 532 3798 ipse
558 3731 635 3799 dicit,
659 3731 784 3798 adprime
804 3730 927 3794 doctum,
946 3727 1052 3782 formas
1066 3726 1168 3795 pluria
1187 3732 1216 3781 et
1234 3745 1304 3782 corn-

129 3815 231 3884 piurio
250 3832 267 3869 a
285 3816 489 3884 reprehensore
508 3817 630 3887 quodam
651 3816 849 3872 defendentem
862 3814 932 3869 facit
946 3830 1007 3868 cum
1021 3814 1132 3881 quaerit
1150 3814 1195 3882 (V,
1208 3818 1251 3882 21,
1264 3818 1303 3882 dl:

133 3903 216 3956 celin
233 3903 333 3958 doceas
351 3920 419 3958 nos.
434 3944 439 3956 .
454 3946 460 3958 .
476 3921 527 3958 our
545 3905 661 3958 borbore
680 3903 806 3958 dicerint
818 3902 860 3956 M.
877 3901 954 3966 coto,
976 3900 1007 3970 Q.
1024 3899 1163 3954 Claudius
1177 3940 1183 3954 .
1196 3941 1202 3955 .
1216 3943 1222 3955 .
1236 3919 1305 3970 quos

132 3987 336 4058 subscriptores
349 3991 602 4060 approbatoresque
621 3990 706 4045 liuius
724 3990 800 4044 oerbi
814 3989 946 4044 habemus
954 3989 1071 4056 praeter
1077 3989 1228 4056 poctarum
1242 4006 1304 4043 oro·

133 4077 278 4144 torumque
301 4079 425 4130 ceterum
448 4077 566 4131 rnuttorn
589 4077 697 4147 copiorn
726 4077 769 4131 eui
791 4077 837 4131 ille
855 4074 1021 4143 respondet:
1050 4073 1100 4127 tibi
1118 4074 1220 4129 trabeas
1238 4075 1305 4130 illos

133 4162 317 4217 auctoritates
340 4181 374 4216 eac
399 4163 599 4219 Fonnornrn
623 4166 654 4218 et
677 4163 905 4233 Aboripinnrn
929 4161 975 4228 (de
993 4159 1036 4214 his
1055 4160 1152 4214 verbis
1175 4160 1210 4217 cf.
1231 4163 1305 4230 XVI,

133 4252 175 4315 10,
188 4251 215 4316 Ἰ)
234 4249 324 4304 saeclo
343 4250 478 4318 repetitos
497 4253 579 4318 atque
597 4250 661 4304 nuic
679 4251 787 4304 rationi
803 4248 981 4318 respondeas.

201 4336 223 4400 ²)
243 4335 277 4388 of.
298 4336 383 4390 etiam
402 4335 473 4392 Gell.
486 4337 562 4405 Xlll,
575 4341 609 4394 20
628 4342 656 4392 et
675 4338 750 4405 XlV,
762 4341 786 4404 2,
799 4340 841 4392 m.

202 4425 223 4490 ³)
243 4421 278 4476 cf.
299 4424 403 4479 Hosius
422 4425 450 4478 in
469 4424 512 4479 ed.
530 4423 620 4491 praef.
638 4441 665 4492 p.
680 4424 765 4480 XVll.
