3154 4926
811 315 852 380 46

140 488 142 493 ’
244 485 484 569 pollicebantur
506 507 539 552 se
561 487 601 551 id
622 486 741 566 docere,
765 507 912 569 quonum
934 487 1106 553 cuborum
1125 487 1297 554 industria
1312 507 1414 554 causo

244 589 410 672 iufirun'or
430 589 524 671 fieret
543 591 677 675 fortior,
707 590 762 673 Vl,
780 591 845 672 2,7
870 591 940 656 Hos
963 596 1072 657 uatem
1094 611 1209 658 uersam
1233 589 1445 657 Caesellius.

244 693 302 759 se'c
325 693 452 777 occipit,
478 698 645 777 tamquam
668 694 697 758 sl
720 697 827 759 esseut
849 693 937 760 de'ctu
954 744 960 759 .
977 745 984 760 .
1003 719 1026 778 ,3
1049 696 1075 778 Ι,
1091 696 1121 777 8,
1139 695 1158 759 2
1181 693 1236 761 Ec
1258 716 1321 761 voa
1344 694 1415 760 lroc

244 799 346 881 ferme
368 799 457 864 uolet
479 802 646 880 tamquam
669 797 699 862 si
722 797 812 863 dicos
840 801 986 864 ‘coruum
1010 796 1152 881 Copiae,
1181 798 1286 881 XVII,
1303 798 1354 881 21,
1372 801 1410 884 31

244 921 380 984 cumpace
401 901 444 966 id
467 901 505 982 et,
531 902 617 984 qood
629 902 786 987 superat.
806 951 812 963 .
831 900 1004 984 mutuose
1019 901 1213 985 obiceretur3
1237 902 1330 984 XIII,
1346 903 1376 985 8,
1397 905 1409 966 l

245 1005 363 1071 eximie
385 1003 454 1070 hoc
476 1005 632 1087 opimatus
655 1009 710 1086 est,
735 1005 820 1087 quod
843 1005 945 1086 cteta
974 1004 1013 1087 ef,
1030 1005 1086 1088 VI,
1103 1005 1154 1089 20,
1167 997 1205 1088 '23
1228 1005 1266 1088 V,
1284 1006 1350 1088 2,4
1372 1005 1415 1071 c‘d

245 1113 458 1174 memoratum
485 1113 541 1190 est,
572 1109 658 1192 quod
678 1156 685 1172 .
708 1156 714 1170 .
739 1159 744 1171 .
768 1107 916 1174 culmum
944 1107 1140 1192 exspiravit,
1170 1109 1242 1191 Vll,
1262 1111 1288 1192 1,
1308 1112 1321 1172 l
1353 1109 1414 1174 vta

245 1213 370 1292 dicuat,
399 1212 428 1277 si
456 1216 538 1278 esset
559 1211 779 1294 prouidentia,
808 1213 907 1278 uultu
936 1217 1041 1278 esseut
1069 1214 1180 1294 mulap
1207 1213 1232 1294 Ι,
1249 1213 1316 1294 3,4
1345 1211 1371 1275 I
1374 1216 1414 1277 ta
1490 1271 1493 1278 .

247 1317 299 1382 lca
321 1316 399 1399 fuit,
425 1321 464 1382 ut
485 1337 559 1382 euru
582 1315 744 1382 homiuem
766 1316 983 1382 coudemucre
1002 1336 1170 1382 necessum
1188 1319 1281 1400 esset3
1303 1316 1330 1398 Ι,
1350 1316 1376 1397 l,
1393 1317 1415 1379 3

244 1420 305 1486 tto
321 1419 467 1504 collepit.
482 1469 488 1484 .
505 1469 510 1483 .
527 1424 618 1486 tauto
630 1419 734 1504 fuisse
742 1419 918 1486 Herculem
933 1471 938 1482 .
953 1469 959 1482 .
977 1469 980 1481 .
993 1420 1207 1500 excelsiorem,
1221 1423 1329 1503 pacat
1360 1468 1366 1480 .
1381 1467 1388 1483 .
1404 1469 1409 1479 .

309 1544 328 1622 ξ
352 1542 403 1604 31.
449 1540 652 1623 Quamquam
674 1546 803 1606 veteres
825 1539 1008 1605 notionibus
1030 1539 1099 1605 sive
1123 1540 1248 1605 iteratis
1271 1539 1340 1605 sive
1355 1558 1414 1624 per
1464 1611 1469 1618 ¹

244 1665 421 1729 pronomen
452 1643 739 1710 demonstrativum
770 1643 925 1728 exceptis,
956 1648 992 1708 ut
1019 1643 1118 1727 paulo
1141 1664 1240 1728 supra
1262 1643 1412 1725 vidimus,

246 1749 426 1814 sententiae
442 1749 707 1833 perspicuitatem
724 1766 844 1830 augere
860 1746 1002 1830 student,
1027 1753 1135 1812 tamen
1152 1748 1311 1831 permulta
1327 1752 1412 1829 sunt,

244 1853 360 1934 quibus
383 1852 464 1936 illos,
496 1852 620 1917 utiam
643 1870 741 1936 supra
765 1850 926 1916 nonnullis
949 1850 1028 1916 locis
1049 1851 1199 1934 vidimus,
1222 1871 1337 1935 parum
1360 1869 1411 1914 ac-

244 1962 373 2022 curatos
389 1975 461 2022 esse
477 1962 646 2040 appareat.
687 1953 843 2037 Dreegeri
851 1957 874 2034 1)
899 1953 1080 2037 opinionem
1101 1954 1322 2020 accusativum
1339 1953 1412 2017 sub-

243 2060 318 2124 iecti
339 2061 411 2125 vioe
433 2059 619 2143 fungentem
643 2061 674 2122 in
698 2057 876 2124 accusativi
899 2077 971 2122 cum
994 2055 1151 2122 infinitivo
1174 2056 1411 2122 constructione

243 2163 319 2228 inde
353 2183 374 2227 a
408 2163 491 2227 Livii
526 2169 635 2228 aetate
670 2162 773 2244 magis
807 2161 975 2244 magisque
1009 2160 1112 2225 omitti
1146 2165 1295 2244 coeptum
1329 2178 1410 2242 esse,

244 2265 368 2351 priores
397 2272 506 2331 autem
536 2266 718 2349 scriptores,
748 2265 781 2328 in
804 2262 855 2330 his
879 2265 976 2328 etiam
1000 2263 1197 2346 Ciceronem,
1227 2282 1300 2328 raro
1323 2262 1412 2327 illam

244 2368 477 2434 detractionem
502 2369 691 2435 adhibuisse
715 2368 878 2452 opinantis
900 2389 963 2433 non
986 2373 1108 2432 rectam
1126 2386 1199 2432 esse
1213 2365 1412 2443 Funokius2t

242 2472 364 2557 docuit,
388 2492 459 2538 cnm
484 2473 625 2538 ostendit
647 2471 885 2538 comoediarum
910 2490 1036 2554 quoque
1052 2471 1225 2555 scriptores
1241 2468 1322 2535 illud
1337 2469 1411 2534 sub-

242 2577 360 2642 iectum
390 2597 453 2642 non
481 2597 554 2641 raro
582 2577 739 2641 omittere.
788 2574 911 2652 Quodsi
941 2574 1030 2658 apud
1054 2574 1193 2640 Gellium
1216 2592 1343 2656 quoque
1364 2572 1411 2636 vi-

244 2679 357 2746 demus
391 2680 611 2745 accusativum
640 2679 819 2744 subieotum
849 2696 948 2762 saepe
979 2679 1131 2744 omissum
1160 2695 1241 2759 esse,
1278 2681 1363 2741 certe
1391 2694 1412 2739 a
1455 2724 1459 2730 .

243 2784 436 2849 comicorum
463 2803 523 2849 usu
552 2781 614 2847 hac
641 2801 675 2847 re
698 2803 762 2848 non
785 2781 902 2865 differt,
927 2781 988 2848 etsi
1011 2781 1128 2846 docere
1150 2800 1214 2845 non
1237 2798 1408 2864 possumus

243 2906 317 2952 eum
339 2887 411 2953 illos
434 2886 561 2951 imitari.

307 2989 505 3074 Saepissime
523 2989 610 3055 illum
626 2989 847 3055 accusativum
865 2989 966 3053 Varro
983 2986 1134 3071 detrahit,
1159 2986 1278 3069 dequo
1296 2983 1410 3050 videas

243 3093 453 3176 Krumbiegel
481 3094 501 3157 l.
526 3114 552 3158 o.
609 3093 636 3157 Ε
663 3085 808 3158 veterum
836 3091 1025 3174 fragmentis
1053 3111 1137 3174 quae
1167 3090 1291 3156 Gellius
1318 3091 1411 3156 nobis

243 3196 378 3262 tradidit
393 3196 425 3260 hi
442 3196 504 3261 loci
520 3196 595 3261 milri
611 3197 643 3260 in
659 3202 810 3280 promptu
826 3202 914 3261 sunt:
939 3195 1051 3280 lOalp.
1067 3195 1143 3260 Piso
1158 3193 1195 3258 fr.
1213 3194 1254 3258 27
1270 3193 1322 3273 (G.
1336 3194 1410 3276 VII,

242 3301 272 3384 9,
293 3303 325 3381 3)
355 3289 512 3380 Aedilem,
543 3300 601 3382 qui
629 3299 760 3365 comitio
790 3298 939 3379 talebot,
970 3303 1072 3383 uepot
1095 3307 1151 3372 (sc.
1175 3303 1223 3378 sc)
1254 3296 1411 3379 occipere,

242 3405 369 3470 *Plaut
383 3405 458 3470 Cas.
475 3404 537 3469 692
562 3403 665 3468 altero
683 3407 712 3468 te
726 3403 909 3469 occisurum
926 3407 982 3482 (sc.
999 3407 1047 3482 se)
1065 3401 1123 3482 uit,
1141 3399 1410 3482 altercationum,

242 3508 378 3574 lClaud.
394 3507 430 3572 fr.
449 3509 489 3573 57
504 3508 530 3572 P
548 3507 599 3586 (G.
617 3507 659 3590 ΙΙ,
676 3507 705 3590 2,
727 3508 778 3590 13)
804 3507 931 3574 lictores
951 3527 1019 3572 auu
1035 3505 1111 3571 orosi
1126 3510 1208 3570 errat
1222 3504 1412 3570 descendere

242 3613 326 3696 (eos)
350 3611 471 3679 iubere.
498 3647 539 3658 —·
563 3610 659 3675 Gellii
682 3610 769 3677 locos
792 3611 956 3694 congessit
971 3610 1096 3691 Gorges
1118 3609 1139 3672 l.
1157 3629 1184 3674 o.
1200 3630 1231 3692 p.
1248 3610 1299 3689 58,
1324 3606 1411 3673 unde

241 3716 388 3782 videmus
416 3715 568 3781 omissum
596 3733 682 3781 esse:
718 3735 751 3780 ee
779 3714 888 3781 decies
911 3713 1045 3797 septies,
1076 3733 1150 3778 eum
1171 3718 1309 3797 septies3
1338 3733 1409 3778 eum

241 3820 305 3903 bis,
329 3840 378 3885 eos
401 3819 515 3901 semel,
540 3837 578 3884 eu
601 3818 710 3882 semel.

305 3943 325 4021 ὅ
357 3941 408 4005 32.
466 3938 664 4022 Saepissime
698 3937 822 4004 Gellius
856 3937 1038 4022 anteposito
1072 3937 1239 4002 enuntiato
1273 3936 1409 4002 relativo

240 4063 416 4127 pronomen
440 4041 739 4124 demonstrativum,
764 4062 825 4124 quo
850 4063 940 4127 pron.
958 4041 1013 4105 rel.
1038 4040 1144 4124 excipi
1166 4040 1257 4122 solet,
1281 4039 1407 4122 omittit,

241 4152 277 4212 ut
299 4147 498 4211 enuntiatum
523 4145 692 4211 relativum
722 4165 794 4211 oum
816 4146 969 4230 primario
992 4164 1054 4209 non
1078 4142 1158 4208 satis
1181 4143 1313 4207 tirmiter
1336 4163 1410 4208 con-

310 4354 331 4420 1)
349 4351 487 4420 Draeger,
504 4351 537 4404 H.
553 4351 633 4423 Synt.
645 4352 679 4420 ll,
692 4355 752 4409 454.

308 4441 329 4506 ⁹)
348 4438 382 4493 A.
396 4437 502 4506 Funck,
521 4439 547 4494 J.
560 4439 586 4494 J.
602 4443 660 4507 121,
673 4443 732 4497 725.
769 4437 811 4493 df.
830 4436 1081 4494 Dziatako-Kaucr
1101 4433 1139 4488 ad
1157 4433 1222 4488 Ter.
1234 4433 1288 4488 Ad.
1302 4437 1345 4490 77.
