3154 4926
758 315 798 380 47

193 493 336 558 iunctum
369 492 420 557 sit.
476 490 583 573 Atque
617 490 701 556 hunc
734 490 918 555 libertatem
934 553 937 560 ,
952 487 1081 553 dicendi
1116 487 1205 571 apud
1235 490 1362 552 veteres

193 597 366 680 scriptores
394 595 621 661 creberrimam
649 613 722 659 esse
750 599 860 659 notum
884 598 943 658 est.
989 593 1039 656 Ex
1062 591 1196 658 (tatonis
1219 590 1261 657 de
1285 611 1315 655 a.
1333 611 1360 656 c.

193 699 274 765 libro
291 698 364 764 Keil
387 699 419 763 in
443 718 554 764 comm.
572 718 604 782 p.
621 698 662 761 43
685 717 837 780 magnum
862 696 1082 780 exemplorum
1105 714 1272 761 numerum
1288 715 1360 761 con·

193 803 304 885 gessit,
328 802 481 868 Varronis
511 801 598 866 locos
625 801 755 882 collegit
777 798 987 882 Krumbiegel
1009 820 1040 884 p.
1063 800 1113 882 42,
1145 799 1217 864 Keil
1241 798 1361 864 Oomm.

112 942 119 956 ι
193 904 237 970 44
255 905 346 970 Varr.
363 926 387 969 r.
405 926 428 969 r.
446 906 471 988 1,
488 905 539 988 44,
556 905 584 966 4.
630 903 700 970 Nec
723 904 827 968 minus
850 922 951 988 saepe
974 922 1014 967 ea
1037 902 1187 967 libertate
1210 902 1362 967 Plautum

194 1014 227 1073 et
250 1009 404 1092 imprimis
426 1014 570 1073 veterum
586 1008 693 1090 legum
710 1008 882 1091 scriptores
898 1026 973 1072 usos
990 1025 1063 1072 esse
1078 1011 1214 1072 constat.
1254 1005 1361 1082 Quare

195 1111 335 1177 Gellium
358 1132 398 1177 ea
421 1131 456 1176 re
479 1117 606 1176 veteres
628 1111 748 1176 inuitari
770 1131 833 1176 non
857 1111 942 1174 omni
967 1110 1112 1176 veritatis
1136 1109 1244 1194 specie
1262 1116 1361 1194 caret,

146 1278 149 1284 .
193 1217 385 1299 praesertim
413 1236 484 1281 cum
514 1215 626 1299 optimi
653 1215 825 1299 scriptores
854 1233 926 1280 eum
955 1234 1046 1280 usum
1077 1234 1150 1279 raro
1176 1212 1360 1297 admittant,

193 1325 229 1384 ut
251 1320 403 1385 Hortzius
426 1340 457 1384 v.
474 1319 513 1384 G.
529 1339 558 1383 a.
581 1339 611 1403 p.
630 1319 680 1402 49,
704 1319 757 1383 vel
779 1319 887 1403 potius
909 1317 1090 1402 repudient,
1119 1323 1154 1382 ut
1177 1317 1360 1410 Schmalz1)

194 1421 342 1488 affirmat.
402 1423 565 1490 Nonnulla
599 1422 674 1487 mihi
708 1422 806 1488 liceat
840 1421 990 1506 exempla
1022 1421 1165 1506 proferre
1200 1421 1296 1487 Gellii
1330 1427 1363 1486 et

193 1533 347 1609 veterum,
371 1533 455 1609 quae
478 1527 561 1592 inter
584 1546 618 1592 se
642 1525 759 1591 similia
782 1545 854 1592 esse
877 1545 971 1590 nemo
993 1545 1113 1608 negare
1128 1531 1253 1610 potest:
1278 1525 1360 1591 Gell.

194 1629 266 1713 Vll,
285 1631 370 1703 14,4
399 1630 565 1696 44444444
593 1629 777 1714 4444444444,
806 1629 845 1695 44
871 1651 965 1711 quem
982 1635 1153 1712 peccatum
1175 1634 1231 1710 444,
1260 1629 1362 1695 metui

193 1753 262 1799 444
294 1754 460 1800 necessum
488 1739 549 1817 444,
583 1734 643 1816 ΙΙΙ,
666 1734 732 1816 2,]
771 1733 894 1814 Quaeri
921 1733 1054 1798 44444444
1083 1737 1138 1814 444,
1174 1733 1232 1816 444
1258 1733 1363 1798 444444

195 1834 277 1903 bora
312 1838 410 1903 444444
444 1842 604 1920 quartove
637 1837 704 1902 4444
734 1857 800 1918 quc
829 1836 900 1902 4444
927 1836 1002 1902 4444
1030 1841 1119 1917 4444,
1153 1841 1267 1902 utrum
1295 1837 1363 1902 4444

193 1940 320 2006 4444444
354 1941 469 2008 bobert
498 1940 725 2024 appellarique
752 1939 866 2032 444444
893 1940 995 2005 4444.
1021 1960 1129 2006 ..44
1164 1939 1314 2020 (sortasse
1344 1959 1362 2004 e

194 2043 285 2108 Varr.
309 2063 368 2109 rer.
387 2044 470 2109 bum.
488 2044 572 2108 XIII
594 2043 668 2108 442
690 2043 742 2107 Mi.
768 2041 947 2126 haustum)3
978 2043 1015 2126 V,
1035 2044 1082 2126 14,
1100 2043 1140 2110 25
1169 2042 1258 2110 Nom
1280 2064 1363 2126 quos

195 2147 379 2214 verebatur
399 2149 500 2231 ferae,
525 2147 669 2214 membro
684 2147 843 2230 opimiora
859 2148 903 2213 44
916 2167 1043 2230 specum
1059 2147 1142 2212 44444
1158 2147 1361 2232 superstate

195 2285 225 2314 ω
255 2249 336 2315 Cato
366 2249 406 2315 de
435 2271 464 2315 a.
482 2271 508 2316 4.
525 2251 612 2333 4Ι,2
643 2271 722 2332 quos
749 2250 884 2331 4444444,
913 2251 1090 2316 medullam
1118 2273 1191 2316 4444
1217 2251 1363 2316 44444444

194 2352 388 2436 4444444444,
422 2353 591 2435 id.157,9
619 2353 676 2436 qut
700 2352 815 2419 debilis
838 2353 910 2434 4444,
936 2354 1015 2420 boec
1037 2375 1089 2420 444
1111 2375 1232 2421 444444
1253 2356 1363 2439 facere

188 2461 309 2540 potest3
344 2457 446 2521 Varro
469 2478 492 2520 r.
515 2478 539 2519 r.
562 2458 605 2536 ΙΙ,
623 2455 688 2539 6,2
717 2457 888 2524 uolnerum
913 2479 1042 2543 prepem
1069 2459 1127 2542 pul
1154 2461 1263 2543 secere
1292 2458 1364 2524 4444

163 2620 166 2628 .
195 2559 322 2641 bonum,
345 2559 494 2642 primurn
522 2560 698 2627 4444444444
726 2566 765 2627 44
788 2583 897 2628 mores
918 2562 1125 2647 feminasque
1149 2563 1233 2628 burro
1256 2565 1362 2627 444444

192 2668 317 2746 444444,
340 2664 446 2729 ΡΙ444.
464 2664 565 2730 Persa
581 2665 643 2732 478
666 2669 863 2746 44444444,
889 2665 1008 2748 quibus
1030 2665 1154 2731 credidi
1177 2665 1280 2746 bodie,
1304 2685 1360 2730 44-

193 2766 267 2849 4444
288 2766 373 2832 milri
394 2767 432 2832 44
454 2767 529 2833 4444
552 2767 744 2834 4444444444.
781 2770 819 2832 14
843 2769 1027 2834 universum
1046 2768 1134 2852 apud
1151 2768 1289 2836 Gellium
1306 2768 1361 2833 44-

193 2876 314 2935 tractus
338 2875 432 2947 44434

335 2992 505 3072 genetivus
543 3042 1084 3058 ,,,,,,,,,,,
1152 2993 1213 3058 pres

335 3093 466 3159 dativus
490 3141 1087 3159 ‚‚‚‚‚‚‚‚‚‚
1153 3097 1214 3161 ssies

337 3200 543 3263 accusativus
594 3248 1085 3264 ,,,,,,,,,,
1132 3200 1232 3265 semel

334 3321 412 3384 acc,
436 3302 491 3384 qui
513 3303 547 3365 it.
571 3308 621 3366 est
643 3303 726 3367 subi.
750 3303 791 3366 in.
816 3307 846 3366 a.
871 3323 896 3367 c.
921 3303 940 3367 i.
965 3309 1081 3369 constr.
1131 3303 1242 3384 lbiess)

335 3404 498 3470 ablativus
542 3455 1085 3471 .........
1131 3413 1181 3470 ter

904 3526 937 3590 in
961 3547 1085 3592 summa
1129 3527 1222 3592 3lies.

195 3631 397 3638 --...

260 3779 281 3846 ¹)
300 3781 362 3833 Lat.
374 3779 501 3850 Syntax³
518 3797 544 3849 p.
558 3785 618 3840 445.

260 3883 282 3952 ²)
299 3884 418 3939 Praeter
438 3889 548 3940 ceteros
567 3886 764 3941 memorabiles
783 3889 848 3940 sunt
866 3885 896 3938 hi
913 3886 979 3941 loci:
1000 3886 1032 3941 G.
1045 3887 1079 3955 V,
1095 3892 1116 3955 l,
1134 3892 1144 3942 l
1165 3888 1224 3940 4444
1242 3885 1317 3940 44444
1336 3888 1362 3939 44

191 3969 240 4036 444
263 3969 331 4024 dicit
354 3975 380 4026 44
404 3972 451 4040 444
474 3973 596 4028 4444444
617 3975 731 4044 frustra
749 3990 808 4029 4444
832 3975 897 4042 (orn.
914 3974 940 4028 b.
957 3973 973 4028 1.
993 3972 1122 4043 Gorges).
1160 3972 1202 4027 Of.
1222 3973 1360 4028 *Graccb

191 4055 289 4110 ORF²
306 4074 333 4125 p.
346 4063 396 4117 215
410 4059 453 4126 (G.
467 4060 515 4126 IX,
530 4066 569 4128 14,
586 4064 627 4127 ll)
646 4078 702 4114 444
715 4063 756 4114 444
768 4077 801 4114 44
814 4060 951 4126 lubartes,
971 4078 1040 4129 quoe
1053 4059 1211 4114 necessario
1219 4063 1361 4128 parentur

190 4142 263 4196 44444
283 4161 369 4198 44444
387 4145 424 4213 (44
443 4164 513 4214 quae
531 4147 563 4200 Η.
578 4148 693 4220 Meyer).

259 4250 281 4312 3)
300 4250 393 4304 Locos
412 4251 557 4321 congessit
575 4251 686 4321 Gorges
704 4268 730 4319 p.
744 4256 777 4311 55
797 4257 826 4306 et
844 4256 887 4310 58.

258 4353 280 4418 ⁴)
298 4353 330 4407 Ε.
344 4371 369 4422 g.
381 4353 415 4409 G.
424 4356 445 4418 Ι,
455 4360 506 4424 9‚3
521 4358 580 4410 4444
593 4356 641 4424 444
654 4358 819 4425 exploratus
832 4357 866 4410 ab
878 4373 908 4410 eo
922 4355 1092 4424 idoneosque
1104 4357 1209 4426 fuerat,
1222 4358 1272 4422 (sc.
1286 4357 1360 4423 eum)

189 4438 278 4508 444444
296 4439 327 4493 44
346 4441 527 4512 disciplinam
545 4443 642 4498 4444444
660 4443 777 4498 iubebat.
