3154 4926
860 295 881 358 4

282 485 408 549 quoque
438 465 547 548 affert,
577 464 740 530 Valerium
770 464 950 548 Antiatem,
981 465 1017 528 L.
1042 464 1185 548 AeIIum,
1215 465 1251 528 P.
1275 464 1452 547 Nigidium,

282 570 324 633 M.
338 569 513 636 Varronem
522 573 545 650 1)
557 573 692 652 practer
701 572 875 651 poetarum
886 572 1116 650 oratorumque
1127 571 1273 633 octcrum
1286 567 1411 650 copiam
1419 573 1452 644 2).

283 672 406 751 Quibus
422 672 510 738 addo
526 672 735 757 CalpurnIum
752 672 913 755 Pisonem,
936 690 1030 754 quem
1046 671 1158 755 quanti
1174 670 1395 737 aestimaverit
1411 692 1452 735 ex
1540 741 1541 750 ,

284 775 334 842 his
357 775 464 842 verbis
488 776 638 859 colligere
660 795 831 860 possumus
855 775 942 858 (VII,
959 776 989 858 9,
1009 777 1053 855 1):
1079 774 1193 856 Quod.
1211 824 1218 839 .
1236 824 1243 839 .
1260 795 1298 840 eu
1315 795 1368 840 res
1378 796 1453 858 pcr-

282 900 381 963 quam
402 901 489 963 pure
517 884 549 945 et
574 883 709 945 uenuste
734 882 880 945 uumutu
902 899 923 944 a
945 877 1074 960 Pisone,
1106 879 1205 944 iocum
1228 877 1329 944 istum
1352 882 1453 944 totum

282 982 346 1049 huc
368 1005 409 1048 cu
422 983 556 1048 Pisouis
579 983 700 1049 anuali
724 981 988 1065 transposuimus
1003 1029 1011 1045 .
1028 1031 1060 1044 ..
1085 991 1118 1047 et
1139 982 1211 1066 (XI,
1232 983 1296 1052 lli:
1320 981 1452 1065 Simpli-

281 1086 413 1152 cissima
435 1086 601 1153 suavitate
623 1090 655 1152 et
675 1085 726 1152 rei
748 1090 780 1151 et
800 1085 961 1152 oruticuis
975 1085 1016 1149 L.
1032 1084 1110 1151 Piso
1125 1084 1235 1169 Frupi
1258 1105 1338 1152 ocsus
1353 1089 1401 1150 cst
1414 1085 1453 1150 r'u

277 1190 387 1273 primo
410 1190 540 1256 amuoii.
586 1189 739 1255 Similiter
761 1188 914 1254 laudatur
937 1189 1061 1255 illorum
1085 1209 1165 1272 quos
1188 1209 1287 1274 supra
1310 1209 1342 1273 p.
1361 1191 1381 1254 3
1405 1195 1451 1254 at-

283 1294 341 1358 tuli
357 1293 394 1372 Q.
411 1292 567 1359 Claudius
583 1292 827 1377 Quadrigarius,
851 1312 945 1375 quem
968 1292 1226 1358 sincerissimum
1249 1300 1282 1357 et
1297 1292 1453 1376 optimum

283 1396 471 1480 scriptorem
505 1396 651 1480 appellat
680 1396 763 1478 (XV,
786 1397 813 1479 1,
834 1397 878 1478 4),
911 1395 965 1478 qui
994 1397 1032 1460 T.
1056 1395 1154 1464 Manli
1188 1415 1330 1479 pugnam
1364 1396 1452 1460 Illam

277 1499 456 1583 purissime
479 1503 577 1582 atquc
598 1498 824 1565 illustrissime
845 1498 1050 1582 simplicique
1070 1502 1101 1564 et
1114 1498 1277 1584 incompto
1292 1499 1455 1565 oratiour's

283 1603 444 1686 autiquae
465 1603 631 1670 suavitate
653 1602 862 1688 descripserit
882 1602 954 1686 (IX,
975 1603 1023 1686 13,
1040 1603 1083 1686 4),
1107 1601 1147 1668 of.
1164 1602 1336 1669 Frontonis
1350 1605 1453 1668 verba

285 1705 379 1784 (Geli.
397 1706 490 1789 XIII,
508 1705 571 1784 29).
617 1707 792 1771 Praeterea
814 1705 894 1772 satis
916 1705 1022 1771 habeo
1045 1705 1192 1772 attulisse
1215 1707 1249 1772 O.
1271 1706 1454 1773 Gracchum

281 1815 316 1875 ot
337 1808 730 1876 Metellum‘tiumidicum
759 1809 877 1894 (XVII,
894 1811 923 1893 2,
940 1810 1024 1875 5-6
1047 1809 1125 1874 Met.
1145 1809 1256 1892 Num,
1286 1810 1344 1893 qui
1366 1814 1455 1876 caste

276 1933 424 1996 pureque
449 1913 566 1999 iiupuc
590 1933 670 1978 usus
692 1912 822 1978 Latius
844 1912 994 1989 videtur).

347 2033 468 2100 Itsdcm
496 2032 563 2099 fere
591 2033 743 2100 laudibus
766 2033 883 2118 quibus
904 2033 1036 2100 Catonis
1060 2040 1092 2100 et
1114 2035 1309 2118 reliquorum
1333 2054 1451 2119 prosae

280 2137 434 2203 orationIs
469 2137 658 2222 scriptorum
686 2157 789 2220 genus
818 2136 946 2203 dicendi
975 2143 1089 2222 poetas
1118 2158 1245 2221 quoque
1273 2138 1452 2222 separatim

282 2241 385 2324 effert,
413 2259 485 2305 eum
509 2239 550 2304 de
573 2240 700 2323 Naevii,
724 2240 842 2323 Plauti,
866 2241 1000 2306 Pacuvii
1022 2240 1196 2307 mobilitate
1218 2261 1257 2307 ao
1281 2245 1454 2307 venustate

281 2337 627 2426 scribendi*loquatur
662 2345 699 2426 (I,
724 2343 775 2427 24,
803 2344 834 2427 l)
867 2363 971 2427 neque
1005 2344 1099 2410 alitor
1132 2343 1279 2409 videmus
1308 2364 1380 2409 eum
1409 2343 1453 2409 de

283 2446 385 2513 Nnnio
408 2446 554 2512 iudicare
579 2447 635 2530 (II,
652 2447 703 2529 29,
720 2447 790 2528 iot:
815 2446 903 2513 huuc
926 2446 1044 2529 Aesopi
1067 2448 1236 2532 apoiopum
1261 2448 1296 2528 Q.
1313 2447 1454 2513 Eumr'us

280 2550 320 2616 iu
341 2549 457 2616 satiris
479 2550 558 2615 scite
578 2550 751 2616 admodum
766 2555 799 2616 ct
811 2549 945 2616 venuste
960 2550 1137 2633 composuit
1157 2570 1262 2633 neque
1278 2550 1319 2616 de
1334 2552 1452 2616 Plauto

282 2654 350 2737 (Vl,
366 2655 415 2736 17,
428 2655 477 2732 ll:
493 2654 640 2720 Plautus
656 2702 662 2719 .
676 2702 682 2717 .
697 2703 702 2715 .
721 2653 812 2719 homo
829 2653 965 2738 liupuac
980 2657 1078 2737 atque
1093 2654 1277 2739 clepuutiue
1290 2654 1330 2720 iu
1344 2653 1453 2720 verbis

282 2757 427 2824 Latitiae
444 2756 609 2840 princeps,
633 2755 673 2822 of.
697 2757 722 2840 I,
739 2757 769 2840 7,
789 2758 843 2840 17,
867 2757 939 2841 VII,
961 2759 1008 2841 17,
1026 2759 1061 2841 43
1084 2757 1177 2842 XIX,
1193 2758 1222 2842 8,
1240 2759 1305 2842 6³).
1515 2751 1520 2762 '

345 2878 401 2945 Eis
438 2897 521 2959 quae
558 2884 735 2961 sequuntur
769 2876 1045 2945 demonstraturus
1080 2900 1149 2945 sum
1185 2878 1325 2944 Gellium
1361 2878 1451 2942 illam

281 3001 377 3064 quam
406 3000 506 3066 saepe
538 2981 689 3065 exposuit
710 2980 945 3047 archaistarum
969 2982 1126 3047 rationem
1149 2984 1181 3045 in
1204 2980 1366 3048 scribendi
1391 3002 1452 3047 usu

281 3083 448 3151 adhibere.

350 3339 370 3407 ¹)
396 3339 552 3393 Varronem
579 3343 641 3393 arte
667 3336 809 3392 scribendi
835 3340 964 3391 veterum
992 3337 1115 3406 vestigia
1143 3337 1221 3405 sequi
1248 3355 1304 3392 non
1332 3335 1451 3393 desiisse

150 3473 152 3478 .
280 3441 371 3493 neque
385 3425 530 3494 Cicerone,
549 3424 717 3494 ‘perfectore
731 3424 778 3478 illo
791 3423 919 3485 dicendi,
938 3424 1075 3492 magistro
1088 3440 1169 3478 usum
1182 3440 1245 3478 esse
1258 3425 1381 3493 Norden,
1396 3426 1451 3480 nie

281 3511 379 3566 antIke
397 3512 585 3581 Kunstprosa,
604 3511 720 3581 Leipzig
740 3515 815 3578 1898,
833 3527 860 3578 p.
877 3514 924 3568 195
942 3527 991 3579 sq„
1010 3510 1094 3564 docet
1113 3515 1142 3564 et
1160 3511 1228 3565 meis
1247 3528 1358 3581 quoque
1378 3528 1451 3580 quae

281 3603 436 3667 sequuntur
455 3598 690 3668 explicationibus
709 3602 837 3666 apertum
852 3595 914 3651 foro
927 3613 1025 3667 sper03
1044 3596 1079 3651 de
1092 3596 1204 3667 Nigidio
1219 3598 1288 3652 certi
1301 3597 1451 3666 quicquum

280 3684 399 3740 iudicari
417 3703 473 3740 non
491 3691 595 3754 potest.

349 3790 370 3855 ²)
390 3787 426 3842 cf.
444 3790 479 3844 M.
493 3790 588 3858 Hertz,
607 3807 634 3843 v.
648 3788 680 3844 G.
695 3805 720 3844 a.
733 3805 760 3857 p.
773 3793 814 3846 20.

349 3895 370 3959 8)
390 3891 430 3971 cf..
445 3894 553 3948 Lorouu
572 3893 664 3948 Plaut
677 3895 776 3948 Most.²
797 3895 863 3949 1883
883 3891 926 3945 ed.
939 3890 1028 3960 praef.
1039 3908 1067 3959 p.
1081 3897 1112 3949 31
1134 3891 1197 3946 adn.
