3154 4926
766 320 807 384 35

199 489 421 556 subordinatio
449 491 682 557 sententiarum
711 511 829 573 magno
856 491 927 557 usui
951 497 1010 575 ost,
1039 496 1166 557 veteres
1189 497 1222 556 et
1244 491 1369 556 Gellius

198 592 283 658 hanc
310 594 448 660 subiecti
475 595 758 660 commutationem
787 594 855 659 fere
885 615 948 660 non
976 597 1091 660 vitant.
1142 593 1250 671 Quare
1279 593 1368 678 apud

199 715 254 764 eos
282 697 480 782 plerumque,
510 706 545 763 ut
571 698 788 784 perspicuitas
811 705 980 782 augeatur,
1004 699 1105 764 verba
1128 717 1213 781 quae
1235 697 1369 763 maximi

199 802 351 867 momenti
375 808 458 884 sunt,
482 801 639 886 imprimis
661 802 809 867 nimirum
832 803 989 887 subiecto,
1013 803 1150 886 primum
1168 802 1368 884 singulorum

200 903 355 989 deinceps
386 906 618 972 sententiarum
647 905 764 990 locum.
782 908 942 972 obtinent:
976 906 1032 972 ⁴⁵0.
1057 904 1224 972 Gracchus
1255 903 1370 970 ORF²

199 1029 231 1092 p.
248 1008 310 1072 236
333 1008 383 1086 (G.
400 1009 489 1092 x,·3,
506 1010 538 1090 3)
567 1008 683 1092 Nuper
710 1009 861 1076 Teanum
887 1009 1074 1076 Sidicinum
1101 1009 1241 1075 consul
1267 1009 1368 1074 uenit.

200 1109 304 1177 Uecor
319 1112 390 1178 eius
402 1112 497 1194 dicit,
511 1133 544 1178 se
555 1113 595 1178 in
608 1112 735 1180 balneis
746 1113 902 1179 virilibus
916 1113 1025 1180 lauari
1035 1113 1125 1179 velle.
1155 1112 1369 1193 Quaestori

199 1214 385 1282 Sidicino
408 1216 522 1282 datum
545 1220 593 1283 est
613 1215 779 1302 neqotium
802 1217 853 1284 uti
869 1217 1081 1302 eniqerentur
1097 1267 1103 1280 .
1122 1267 1153 1280 ..
1194 1214 1298 1282 Uxor
1319 1237 1369 1282 re-

198 1319 340 1385 nuntiat
365 1319 435 1385 uiro
459 1341 583 1403 parum
611 1319 673 1385 cito
695 1319 759 1385 sibi
783 1319 919 1387 balneas
943 1320 1085 1386 traditos
1108 1339 1174 1385 esse
1196 1324 1228 1385 et
1245 1339 1369 1404 parum

187 1418 313 1489 'lautas
334 1423 446 1507 fuisse.
486 1423 606 1507 Itaque
623 1425 744 1506 palus
767 1423 943 1490 destitutus
965 1429 1012 1490 est
1032 1424 1071 1490 in
1092 1425 1173 1508 foro,
1198 1444 1295 1505 eoque
1312 1423 1369 1489 ad-

200 1526 317 1592 ductus
344 1547 425 1592 suae
452 1527 597 1593 ciuitatis
618 1527 844 1594 nobilissimus
867 1527 959 1593 bomo
978 1527 1025 1592 Μ.
1048 1527 1191 1594 Murius.
1243 1526 1369 1592 Vesti-

200 1634 329 1696 menta
359 1631 506 1698 detracta
534 1635 624 1712 sunt,
652 1631 785 1716 oirqis
811 1651 925 1698 caesus
953 1635 1009 1697 est.
1060 1629 1220 1711 Caleni,
1250 1629 1308 1695 ubi
1334 1630 1372 1695 id

200 1733 391 1815 audierunt,
409 1733 596 1814 edixerunt,
613 1754 656 1801 ne
672 1783 678 1799 .
693 1782 721 1799 ..
738 1735 836 1800 veliet
850 1784 857 1800 .
871 1783 900 1799 ..
937 1733 1158 1801 Ferentini
1181 1733 1217 1798 ob
1235 1734 1370 1799 eandem

200 1857 334 1902 causam
357 1841 493 1919 praetor
521 1842 632 1904 noster
660 1843 846 1922 quaestores
874 1838 983 1921 arripi
1011 1838 1118 1904 iussit.
1164 1836 1276 1918 *Cain
1294 1837 1370 1903 Piso

199 1938 270 2005 fr.8
287 1940 358 2022 (XI,
374 1941 422 2023 14,
436 1940 469 2024 2)
495 1941 678 2007 Eundem
693 1940 901 2009 Romulum
917 1942 1034 2009 dicunt
1045 1991 1052 2005 .
1064 1990 1072 2006 .
1085 1991 1092 2008 .
1105 1961 1174 2007 non
1191 1939 1369 2006 bibisse...

199 2043 251 2108 Ei
267 2043 404 2110 dicunt.
423 2094 429 2107 .
447 2092 454 2107 .
484 2043 526 2108 H
528 2044 563 2110 is
583 2045 764 2128 respondit3
787 2046 826 2111 cf.
843 2046 956 2130 *culp
968 2047 1043 2112 Piso
1059 2045 1095 2110 fr.
1110 2045 1151 2108 27
1169 2044 1222 2124 (G.
1234 2044 1307 2127 VII,
1321 2045 1369 2126 9);

199 2146 241 2210 M.
263 2145 420 2213 Aemilius
446 2147 588 2214 Scaurus
614 2169 645 2233 p.
670 2148 732 2213 260
760 2148 878 2215 110112
911 2149 958 2214 Μ.
984 2148 1129 2215 Varius
1156 2148 1371 2231 Hispanus

200 2249 246 2315 Μ.
264 2249 429 2316 Scaurum
446 2251 631 2334 prinoipem
653 2257 788 2319 senatus
810 2253 909 2319 socios
932 2253 970 2318 in
993 2273 1089 2318 arma
1107 2252 1158 2318 ait
1171 2271 1368 2318 convocasse.

199 2352 245 2419 M.
262 2352 440 2420 Scaurus
462 2353 617 2438 princeps
639 2360 775 2422 senatus
797 2361 906 2442 nepot,
936 2355 1052 2423 testis
1079 2376 1173 2422 nemo
1196 2360 1252 2422 est.
1296 2353 1370 2421 Utri

199 2478 254 2522 vos
277 2455 433 2524 creditis?
469 2457 511 2524 ih.
535 2457 681 2525 Varius
703 2458 972 2527 Sucronensis
995 2459 1176 2525 Aemilium
1194 2458 1368 2538 Scaurum,

201 2561 294 2644 reqia
315 2562 457 2627 mercede
479 2567 679 2645 corruptum,
703 2563 879 2646 imperium
896 2563 1013 2646 populi
1028 2562 1175 2628 Romani
1187 2561 1370 2645 prodidisse

200 2663 270 2745 ait,·
298 2664 497 2730 Aemilius
519 2665 695 2732 Soarrrus
721 2666 799 2732 huic
821 2688 853 2732 se
877 2666 1014 2752 affinem
1036 2687 1102 2732 esse
1124 2667 1239 2748 culpae
1260 2669 1369 2749 neqat.

203 2765 292 2833 Utri
315 2765 470 2834 creditis?
494 2803 524 2834 ω
549 2768 631 2835 Geli.
648 2769 741 2852 1,23‚
759 2772 777 2834 5
801 2790 869 2853 sqq.
893 2769 938 2834 Μ
938 2774 1026 2836 oter
1040 2768 1175 2851 Papirii
1192 2768 1293 2852 peuri
1312 2821 1317 2830 .
1336 2815 1343 2830 .
1362 2819 1368 2830 .

195 2875 390 2953 percontata
413 2876 482 2936 est.
501 2921 531 2936 ..
571 2873 678 2940 Puer
699 2873 889 2956 respondit.
907 2921 938 2940 ..
976 2872 1127 2938 Mulier
1148 2871 1188 2952 fit
1209 2871 1370 2938 audiendi

199 2974 367 3056 cupidum
399 2980 595 3042 secretum
622 2976 672 3042 rei
695 2981 727 3042 et
747 2976 919 3044 silentium
936 2976 1036 3058 pueri
1059 2976 1209 3043 animuum
1232 2975 1304 3042 eius
1327 2975 1372 3041 ad

200 3077 439 3160 inquirendum
466 3079 647 3158 everberat:
678 3081 811 3164 quaerit
836 3079 942 3166 iqitur
964 3131 971 3144 .
994 3129 1031 3144 ..
1067 3079 1221 3154 (Gellium
1249 3078 1310 3144 hoc
1337 3079 1370 3142 in

201 3181 309 3266 capite
339 3182 471 3248 Catonis
502 3183 631 3249 dicendi
658 3202 762 3267 genus
791 3204 922 3250 servare
949 3184 1014 3249 iam
1042 3203 1141 3268 saepe
1169 3181 1370 3268 docuimus)3

200 3283 238 3349 G.
257 3285 300 3368 11,
317 3285 368 3368 23,
388 3287 512 3351 15-18
536 3287 650 3354 Filio
673 3288 816 3354 bominis
833 3288 994 3372 pauperis
1008 3287 1048 3353 in
1057 3286 1235 3372 perviqilio
1249 3285 1371 3354 uitiato

199 3392 254 3453 est.
293 3389 354 3454 Ea
376 3379 444 3455 res¹
460 3391 545 3456 olam
563 3396 694 3473 putrem
715 3392 785 3476 fuit
806 3397 838 3457 et
861 3391 1046 3458 habebatur
1056 3413 1119 3474 pro
1133 3389 1272 3475 oirqine.
1310 3389 1371 3454 Ea

199 3514 238 3557 eo
263 3492 365 3558 uitio
390 3493 534 3578 qrooidu
556 3495 723 3562 mensibus
745 3495 868 3561 enectis
886 3495 1048 3577 partierit.
1094 3494 1242 3560 Servus
1269 3493 1371 3559 bonae

197 3596 292 3681 fraqi
312 3645 320 3660 .
337 3644 345 3660 .
363 3647 368 3660 .
388 3597 546 3682 qemitum
573 3604 604 3664 et
625 3600 795 3682 ploratum
824 3598 921 3664 audit
948 3596 1022 3677 (hoc
1045 3595 1124 3661 nihil
1148 3595 1369 3662 videturesse

198 3699 259 3765 nisi
277 3699 409 3765 Caecilii
432 3701 533 3766 verba
551 3703 699 3768 versibus
715 3701 840 3782 solutis)
852 3705 893 3783 1)3
917 3701 942 3783 Ι,
963 3702 1010 3782 19,
1025 3701 1043 3764 3
1068 3703 1122 3777 (ex
1138 3699 1292 3764 Varronis
1308 3718 1368 3764 rer.

199 3800 264 3867 div.
281 3803 336 3885 IV,
361 3802 400 3868 cf.
424 3804 500 3870 Hos.
525 3805 558 3869 in
576 3804 678 3890 praef.
695 3804 746 3870 od.
762 3826 794 3889 p.
811 3804 919 3886 XXV)
946 3802 1205 3885 Tarquinius
1221 3801 1370 3884 pretium

267 4096 288 4161 ¹)
307 4093 427 4149 Gellium
446 4094 499 4149 hoc
518 4094 582 4149 loco
601 4096 769 4150 ‘sermonem
788 4093 967 4148 vetusculum
985 4091 1157 4160 appingere,
1175 4097 1207 4146 ut
1218 4094 1370 4150 Frontonis

198 4180 294 4235 verbis
319 4184 392 4250 utar,
417 4181 502 4236 ctiam
527 4197 561 4236 ex
584 4181 631 4237 illo
655 4182 727 4236 clam
746 4184 859 4250 patrem
882 4179 1079 4248 intellegimus,
1103 4178 1179 4247 quod
1198 4179 1317 4236 Gellium
1336 4198 1370 4236 cx

199 4266 322 4321 Caecilio
342 4267 534 4336 desumpsisse
553 4269 696 4322 existimat
712 4269 815 4336 Knapp
837 4267 1052 4334 (Transactions
1071 4265 1104 4320 of
1120 4265 1168 4321 the
1186 4267 1280 4322 Amor.
1299 4268 1370 4322 Phil.

197 4352 262 4408 Ass.
276 4353 359 4409 XXV
373 4355 469 4424 [1894],
487 4359 503 4413 5
521 4373 548 4425 p.
562 4358 619 4421 20);
639 4355 674 4409 cf.
695 4354 846 4422 Woelfflin,
865 4352 972 4408 Archiv
989 4353 1050 4420 Vll,
1067 4356 1126 4410 278.
1157 4353 1259 4408 Holtze
1277 4355 1297 4422 1,
1311 4359 1370 4412 213.

198 4441 328 4511 Drccgcr
346 4443 366 4510 1,
379 4445 437 4499 663.
474 4444 600 4511 Langen,
618 4443 751 4512 Beitrdge
770 4459 796 4510 p.
810 4447 860 4500 299
878 4458 918 4510 sq.

1132 4526 1167 4582 3*
