3154 4926
724 352 764 415 53

49 568 55 595 r
132 546 221 591 ¹von
244 529 397 610 spdteren
420 522 640 589 uberarbeitet
663 523 742 607 sein,
770 541 883 609 ,wenn
905 541 981 586 man
1004 519 1058 586 die
1073 521 1177 604 glatie
1194 519 1328 585 Diktion

48 620 52 697 J
158 629 266 694 dieser
292 629 395 693 Prosa
425 625 642 710 betraohtet“)
672 631 704 692 et
733 626 861 692 Ottonis
883 625 1030 691 Ribbeck
1040 628 1063 707 1)
1095 623 1201 710 („eine
1230 622 1329 706 vdllig

157 730 404 798 modernisierte
432 731 539 815 Form‚
572 729 696 797 welche
724 750 785 796 uns
813 750 877 795 von
906 727 980 794 dem
1010 725 1239 794 ennianisehen
1268 725 1328 790 Stil

46 906 50 915 ,
157 835 256 901 keino
289 833 429 916 Abnung
461 832 576 916 glor).
633 834 701 901 Nos
735 834 860 899 illorum
894 832 1046 917 opinioni,
1082 850 1162 914 quos
1194 828 1328 895 idoneos

46 970 50 995 ι
158 938 274 1004 harum
302 957 409 1004 rerum
435 936 559 1004 iudices
587 957 659 1004 esse
686 937 815 1002 minime
844 934 1014 1019 oredimus,
1043 940 1079 1000 ut
1108 938 1251 1000 nostram
1274 952 1328 1017 op-

46 1040 49 1051 '
159 1062 320 1127 ponamus
357 1062 421 1107 non
458 1039 622 1107 Skutschii
659 1041 777 1126 solum,
821 1059 931 1106 verum
969 1039 1067 1104 etiam
1103 1038 1222 1104 Leonis
1231 1041 1254 1114 2)
1296 1041 1329 1102 et

45 1204 50 1215 ,
151 1145 313 1231 νΜαηίἰΒ)
347 1144 541 1211 auctoritate
568 1164 801 1229 permovemur.
854 1145 924 1209 Iam
951 1143 1050 1227 igitur
1075 1143 1109 1206 in
1137 1162 1236 1208 unum
1266 1140 1328 1206 ool-

45 1252 48 1263 '
158 1250 310 1333 ligemus,
348 1268 432 1332 quae
469 1255 599 1334 praeter
636 1250 736 1315 verba
774 1255 806 1314 et
842 1249 1012 1315 verborum
1050 1245 1170 1312 formas
1207 1243 1272 1352 iam
1308 1264 1329 1308 a

11 1375 12 1378 ¹
44 1406 48 1445 3
159 1353 317 1420 Vahlenio
339 1353 359 1416 l.
377 1373 401 1418 o.
428 1353 530 1418 allata
548 1359 697 1420 veterum
720 1337 882 1419 scribendi
905 1371 1009 1434 genus
1032 1349 1209 1430 redolent4)

498 1543 760 1713 Abundantilr
783 1644 994 1712 sermonis.

225 1767 263 1829 A.
293 1764 448 1834 Notiones
475 1786 547 1831 oum
575 1764 648 1830 aliis
679 1764 862 1831 notionibus
891 1764 1135 1847 coniunguntur,
1167 1768 1202 1827 ut
1229 1762 1329 1827 abun·

160 1867 307 1934 dentiam
330 1874 434 1935 ortam
458 1867 650 1935 videamus„

288 1994 320 2070 a)
347 1989 511 2056 Adverbia
534 2011 781 2076 supervacanea
804 1990 1041 2072 coniunguntur

363 2112 397 2194 α)
413 2112 619 2178 eumverbis:
637 2112 678 2176 74
694 2114 794 2179 elom
806 2111 1025 2194 absconderim
1042 2109 1083 2172 76
1099 2108 1331 2174 clanculum

38 2295 43 2306 ⁹
161 2213 330 2280 abscondit
353 2250 382 2282 ω
407 2215 488 2280 Cato
512 2215 553 2281 de
576 2235 610 2281 re
627 2216 716 2281 milit.
733 2215 787 2280 lib.
809 2217 820 2280 l
840 2215 860 2282 J
878 2216 1019 2298 poium
1035 2213 1272 2297 proferentum
1295 2208 1329 2274 id

160 2323 232 2384 orat
245 2338 277 2402 p.
292 2318 343 2401 85,
360 2319 398 2382 12
414 2318 434 2385 J
450 2324 605 2402 separatu
619 2341 811 2403 seorsum,
827 2319 933 2384 Plaut.
951 2317 1024 2383 Cas.
1041 2316 1105 2380 448
1115 2313 1331 2398 praemittam

154 2420 277 2504 prius
300 2419 353 2503 (of.
376 2423 458 2488 Pars
481 2423 496 2486 Ι
519 2442 590 2506 cap.
608 2423 642 2487 II
665 2426 684 2504 ξ
708 2423 737 2506 2,
757 2423 804 2508 1);

364 2543 393 2628 β)
416 2563 489 2609 oum
513 2543 689 2609 enuntiatis
712 2541 929 2611 secundariis:

430 2666 456 2729 1.
480 2664 605 2730 causali
628 2671 685 2731 aut
706 2664 795 2729 finali
818 2664 962 2730 notione:
997 2662 1038 2726 67
1062 2661 1119 2727 Ibi
1145 2659 1248 2727 Tituri
1272 2659 1330 2742 qui

159 2765 246 2844 faeie
274 2766 415 2832 deterior
443 2772 525 2832 esset
544 2817 551 2832 .
569 2819 575 2831 .
595 2818 616 2850 .,
644 2768 793 2834 ideireo
815 2818 821 2831 .
844 2816 852 2831 .
876 2817 883 2832 .
904 2766 1073 2850 concessit3
1108 2767 1144 2828 71
1176 2763 1220 2828 Id
1246 2762 1332 2829 eius

158 2867 219 2934 rei
246 2889 367 2935 eausa
393 2870 481 2954 feeit,
511 2870 563 2936 orti
585 2871 785 2938 ...rediret
812 2906 841 2938 ω
872 2870 952 2936 Cato
978 2869 1021 2935 de
1044 2890 1073 2933 a.
1090 2889 1117 2935 e.
1135 2868 1223 2952 21,4
1252 2866 1331 2932 liaeo

159 2972 272 3038 omnio
295 2975 380 3039 eius
402 2974 463 3039 rei
485 2995 607 3040 eausa
628 2975 726 3057 fierit,
751 2975 803 3041 uti
824 2995 866 3040 rie
887 2978 1117 3057 aemimontum
1141 2972 1175 3037 0.
1193 2969 1328 3037 Graooh.

160 3075 276 3140 bitur
298 3096 329 3161 p.
346 3077 404 3142 231
438 3075 519 3143 Cum
548 3099 569 3144 o
595 3079 698 3144 servio
728 3101 838 3146 eorum
868 3083 934 3146 tum
962 3082 1048 3144 coste
1073 3098 1123 3142 me
1146 3074 1329 3154 habuerim,

159 3179 253 3244 iride
270 3179 422 3262 poteritis
444 3182 652 3248 considerare
670 3233 675 3244 .
694 3235 700 3246 .
718 3208 742 3266 ,ς
766 3183 847 3249 Cato
865 3182 965 3264 origg.
983 3181 1021 3264 V,
1038 3182 1058 3244 4
1081 3179 1122 3247 ob
1146 3200 1228 3246 eum
1250 3199 1332 3244 rem

159 3283 258 3366 quod3
286 3283 330 3348 id.
348 3305 392 3350 or.
409 3285 467 3368 XI,
484 3287 505 3349 4
522 3291 697 3368 propterea
720 3287 818 3370 quod3

430 3405 457 3468 2.
483 3406 651 3491 temporali
681 3408 931 3489 significatione:
966 3408 1008 3472 83
1039 3405 1198 3472 Deinde
1227 3404 1330 3470 Tituri

154 3511 329 3589 postquam
364 3508 556 3576 rescivit..
580 3559 609 3592 .,
644 3512 770 3577 seducit
800 3533 907 3577 seeum
940 3510 1041 3594 filios;
1081 3510 1139 3574 132
1174 3506 1330 3572 Deinde

159 3608 312 3692 Iuppiter
333 3616 506 3696 postquam
528 3663 584 3678 ...
605 3615 693 3701 feeit,
719 3665 773 3680 ...
795 3615 934 3699 reliquit
963 3648 992 3680 ω
1024 3614 1105 3679 Cato
1134 3617 1213 3679 orat.
1231 3611 1256 3692 I,
1273 3609 1329 3675 8J

229 3875 249 3941 ¹)
269 3874 299 3929 0.
312 3873 450 3944 Ribbeck,
470 3875 571 3931 Gesolr.
590 3876 640 3931 der
658 3883 728 3932 rbm.
741 3877 885 3946 Dichtung
904 3878 933 3930 1²
950 3893 977 3944 p.
991 3880 1032 3932 47.

230 3963 252 4028 ²)
270 3961 373 4016 Kultur
392 3962 442 4017 der
461 3963 594 4033 Gegenw.
614 3966 681 4032 1,8²
698 3982 724 4033 p.
738 3968 797 4023 338.

228 4051 250 4114 ⁸)
269 4049 302 4102 D.
316 4050 346 4102 L.
360 4050 388 4104 Z.
405 4055 470 4108 1903
488 4067 516 4118 p.
529 4055 605 4108 2747.

228 4136 251 4202 ⁴)
271 4135 339 4190 Cum
363 4136 392 4189 in
415 4137 509 4205 priore
531 4143 613 4206 parte
631 4138 712 4193 huius
731 4137 818 4193 libelli
841 4139 889 4192 ubi
908 4137 943 4193 de
962 4136 1044 4193 Gellii
1063 4153 1192 4192 sermone
1211 4135 1331 4191 disserui

160 4220 204 4275 his
224 4221 325 4276 similia
343 4224 536 4293 tractaverim,
554 4224 599 4279 hio
617 4241 710 4293 panea
729 4226 857 4294 exempla
875 4225 1004 4281 attulisse
1024 4224 1094 4279 satis
1112 4223 1213 4278 habeo.
1243 4225 1330 4277 Para-

158 4307 268 4379 graphi,
292 4325 363 4378 quas
387 4311 486 4379 adieci,
510 4311 632 4380 priorem
655 4317 763 4381 partem
787 4312 920 4366 indicant.
963 4313 1024 4393 llao
1047 4312 1074 4365 in
1098 4315 1179 4380 parte
1203 4310 1331 4378 exempla

157 4411 263 4464 prosae
287 4397 423 4452 orationis
449 4398 617 4466 scriptorum
635 4399 767 4466 praefero
785 4416 876 4468 neque
895 4403 1042 4467 poetarum
1061 4397 1189 4468 exempla
1208 4396 1329 4451 adhibeo

158 4483 213 4536 nisi
230 4481 279 4538 ubi
298 4485 408 4552 aptiora
427 4485 494 4538 mihi
512 4485 538 4539 in
557 4490 689 4554 promptu
708 4502 764 4541 non
783 4491 856 4540 sunt.
