3154 4926
748 306 790 370 39

179 498 237 560 per
259 477 329 560 fuit
356 476 552 561 familiaris.
596 475 701 542 Eius
728 477 859 543 uomiui
881 477 981 544 Plato
1011 477 1132 544 librum
1157 529 1163 542 .
1187 529 1223 544 ..
1254 478 1351 545 dedit.

182 581 224 645 Is
239 580 400 646 Plaedou
419 601 532 646 serum
547 581 688 665 suit...
723 579 823 646 Eum
840 579 1300 648 Oebes...emissedicitur.
1319 631 1351 646 ..

182 685 291 767 Atque
313 685 348 749 is
366 689 480 767 posteo
496 683 712 767 philosophus
734 684 878 750 illustris
899 684 978 769 fuit.
1023 685 1071 750 cf.
1096 686 1151 766 VI,
1172 687 1198 767 1,
1215 687 1250 769 3,
1274 685 1351 767 XII,

182 789 211 870 6,
228 788 350 869 9-10,
373 787 444 870 XV,
462 787 513 871 22,
533 789 631 870 1-6,
654 787 714 871 XI,
730 789 760 871 7,
777 789 796 851 6
827 787 911 853 Item
933 789 1044 869 flocces
1066 788 1223 854 audierat
1238 788 1353 872 prisco

181 913 253 956 uoce
280 890 470 976 stoutaeore
496 891 569 957 uiui
595 892 796 975 faecem...
819 891 936 974 idque
965 893 1055 975 aprcd
1083 891 1263 958 Caeciliam
1284 941 1291 956 .
1313 943 1319 956 .
1343 941 1351 957 .

184 994 315 1077 teporat,
352 1013 477 1077 eaque
504 995 567 1062 duo
594 993 695 1060 uerba
716 1044 723 1057 .
747 1043 754 1058 .
778 1042 785 1058 .
806 999 1009 1078 seruauerat3
1045 995 1084 1060 cf.
1108 997 1152 1079 II,
1175 997 1204 1077 7,
1227 995 1262 1078 2,
1291 996 1351 1079 XI,

185 1097 234 1180 18,
255 1099 266 1162 l
287 1118 356 1180 sqq.
380 1097 494 1164 Draco
510 1146 516 1162 .
535 1149 541 1162 .
560 1148 567 1162 .
583 1098 671 1164 iuris
694 1097 802 1164 dioiui
824 1102 857 1163 et
878 1098 1019 1164 lumaui
1037 1099 1167 1182 peritus
1188 1099 1265 1182 fuit.
1311 1099 1353 1166 ls

182 1201 295 1266 Draco
320 1203 448 1285 lepos..
468 1252 473 1263 .
491 1202 577 1267 tulit.
616 1202 663 1268 Iu
684 1202 774 1268 illis
799 1201 923 1286 lepitus
938 1252 944 1266 .
962 1250 970 1265 .
989 1254 994 1266 .
1012 1203 1142 1268 ceusuit
1163 1203 1351 1286 sarcitque.

182 1303 286 1370 Eius
307 1304 414 1388 ipitur
438 1306 521 1390 lepos
537 1353 543 1367 .
562 1356 567 1368 .
587 1355 593 1370 .
610 1304 817 1371 oblitteratae
838 1309 927 1370 suut.
972 1304 1090 1373 Postea
1116 1306 1240 1391 leuibus
1256 1353 1264 1369 .
1281 1357 1288 1372 .
1306 1356 1313 1371 .
1331 1327 1353 1372 a

183 1407 299 1473 Soloue
325 1409 506 1492 compositis
534 1408 586 1474 usi
615 1413 704 1474 suut.
753 1407 796 1472 Is
818 1408 916 1474 Solou
944 1430 960 1473 e
981 1414 1100 1492 septem
1122 1410 1193 1475 illis
1215 1410 1353 1476 iuclulis

182 1510 386 1593 sapieuiibus
400 1511 477 1595 fuit.
519 1511 561 1575 Is
576 1531 639 1577 sua
655 1513 741 1595 lepe.
760 1561 766 1574 .
784 1561 789 1572 .
808 1511 1025 1593 existimarim
1049 1512 1088 1578 ct.
1105 1513 1207 1579 *Cato
1227 1515 1274 1595 19,
1292 1514 1311 1578 9
1332 1513 1352 1578 J

184 1613 236 1697 (G.
254 1615 314 1696 III,
332 1617 360 1697 7,
381 1617 432 1690 19)
455 1635 528 1680 cum
551 1614 925 1698 sauciusmultifarium
941 1615 1113 1700 ulfacius
1129 1620 1218 1697 esset,
1245 1621 1354 1682 tameu
1443 1620 1451 1639 ¹

182 1719 308 1783 ouluus
333 1717 436 1800 capiti
463 1719 597 1783 uallum
625 1718 740 1798 eaeuit,
772 1739 923 1801 eumque
944 1768 951 1782 .
969 1770 976 1784 .
994 1769 1004 1808 ·.
1022 1739 1203 1804 copuovere.
1253 1720 1354 1785 Eum

183 1822 355 1902 sustulere,
383 1821 487 1905 isque
514 1823 693 1888 couoaluit.
749 1821 797 1886 Gt.
827 1822 908 1888 Catu
939 1825 987 1906 13,
1013 1825 1047 1886 11
1071 1824 1107 1906 ,1,
1144 1823 1235 1889 Cass.
1259 1824 1352 1888 Hem.

183 1923 221 1988 fr.
238 1926 258 1989 9
279 1926 314 1992 P.

249 2049 269 2126 ξ
292 2046 342 2110 23.
388 2047 423 2114 Si
451 2045 493 2111 de
521 2045 649 2111 homine
678 2045 818 2128 quodam
848 2053 906 2112 eut
933 2046 975 2112 de
1002 2066 1037 2111 re
1063 2046 1204 2130 quadum
1229 2046 1353 2111 Gellius

185 2149 350 2215 locuturus
366 2157 425 2232 est,
448 2151 576 2216 brevem
593 2149 787 2215 sententiam
802 2149 989 2234 praemittit,
1007 2151 1098 2216 cuius
1114 2150 1204 2215 initio
1219 2151 1352 2215 verbnm

184 2252 272 2317 illum
296 2252 455 2318 hominem
479 2253 548 2318 sive
565 2252 653 2317 illam
669 2272 736 2318 rem
753 2253 912 2320 denotans
927 2255 1027 2339 ponit.
1065 2256 1172 2336 Atque
1188 2254 1353 2337 sequentis

184 2358 365 2422 sententme
392 2357 482 2422 initio
511 2358 645 2422 verbum
673 2356 752 2421 illud
782 2357 968 2441 pronomine
995 2358 1025 2422 is
1052 2357 1182 2442 excipit,
1211 2357 1244 2421 id
1267 2356 1353 2440 quod

184 2481 284 2545 supra
317 2461 381 2524 iam
416 2461 577 2525 nonnullis
609 2460 688 2526 locis
721 2461 875 2527 vidimus:
916 2461 956 2526 G.
977 2461 1015 2544 V,
1043 2462 1133 2544 10,5
1168 2461 1351 2542 Euathlus,

185 2563 375 2628 adulesceus
404 2563 502 2643 dives,
535 2563 738 2646 eloquentiae
764 2564 938 2630 disceudae
963 2585 1206 2647 causarumque
1232 2563 1353 2630 oraudi

184 2668 318 2750 cupieos
339 2667 415 2750 fuit.
463 2667 505 2732 Is
531 2667 570 2733 iu
598 2668 806 2751 discipliuam
829 2668 1031 2754 Protaqorae
1057 2689 1091 2733 se
1113 2668 1209 2733 dedit.
1255 2669 1352 2732 Item:

185 2771 277 2850 XIII,
297 2773 326 2852 5,
345 2773 378 2852 3,
407 2770 444 2854 V,
464 2772 513 2854 14,
533 2773 566 2852 1,
596 2773 651 2855 VI,
669 2772 698 2855 2,
715 2774 750 2855 63
778 2773 850 2855 Vll,
867 2772 902 2855 8,
938 2771 995 2854 ΙΧ,
1016 2771 1179 2854 16,1-2,
1213 2770 1307 2849 XIII,
1323 2772 1352 2854 9,

188 2875 284 2958 1-2,
308 2874 378 2957 XV,
400 2873 430 2957 2,
452 2875 548 2956 1-3,
572 2874 663 2956 XIX,
683 2878 710 2958 1,
727 2875 812 2939 7-8
835 2875 876 2939 al.
902 2908 932 2939 ω
957 2872 1091 2939 *Claud
1109 2873 1145 2938 l'r.
1166 2875 1231 2939 lOb
1256 2873 1352 2954 (Gell.

185 2978 243 3061 IX,
262 2979 311 3061 13,
328 2979 362 3061 4)
395 2975 475 3044 Cum
498 2977 634 3044 iuterim
657 2978 778 3045 Gallus
801 2977 937 3061 quidam
954 3028 961 3042 .
979 3028 985 3040 .
1004 3026 1011 3040 .
1029 2977 1196 3060 processit,
1221 2977 1302 3060 qui.
1321 3027 1326 3040 .
1345 3027 1352 3040 .

185 3081 299 3147 ceteris
322 3081 515 3148 autistalat.
553 3081 617 3146 Is.
636 3132 643 3147 .
662 3134 669 3147 .
693 3081 731 3147 cl.
750 3083 813 3146 *iu
831 3081 882 3162 (G.
901 3082 958 3164 IX,
977 3083 1024 3164 13,
1046 3082 1112 3165 141,
1136 3081 1217 3146 Galo
1236 3081 1353 3164 17,1.Ι

186 3184 340 3268 Mapalia
355 3189 515 3250 oooautur
531 3184 589 3250 ulii
604 3185 800 3267 haliiout1).
839 3185 900 3251 Ea
920 3183 1017 3268 quasi
1032 3184 1176 3250 cohortes
1190 3185 1354 3250 rotuudae
1458 3249 1460 3253 ,

186 3293 280 3372 suui3
315 3288 354 3354 ct.
373 3289 411 3354 G.
428 3290 453 3372 I,
472 3289 522 3372 20,
539 3289 576 3354 21
611 3289 739 3356 ‘Liuea’
770 3294 880 3355 autem
903 3310 924 3354 a
945 3289 1069 3354 uostris
1091 3288 1224 3364 dicitur,
1254 3309 1354 3371 quam

185 3395 325 3476 γραμμήν
350 3391 470 3458 Graeci
496 3393 683 3458 uomiuaut.
733 3393 832 3458 Eam
854 3392 901 3456 M.
921 3393 1024 3459 Varro
1050 3392 1100 3458 ita
1129 3391 1269 3473 depluit
1303 3392 1353 3454 De

186 3495 388 3561 substantivo
416 3515 488 3561 cum
516 3499 703 3580 pronomine
731 3496 986 3561 demonstrativo
1016 3496 1132 3561 iterato
1160 3496 1225 3560 iam
1254 3514 1353 3578 supra

185 3598 309 3664 locutus
337 3620 417 3665 sum.
463 3599 585 3681 Cicero,
617 3599 706 3684 apud
728 3620 823 3683 quem
846 3601 878 3663 in
902 3600 993 3665 initio
1016 3597 1211 3663 narrationis
1234 3597 1352 3663 similia

187 3708 428 3786 exspectamus,
464 3724 504 3769 ne
539 3705 570 3767 in
605 3704 834 3769 vetustioribus
868 3701 996 3784 quidem
1031 3701 1230 3766 orationibus
1263 3701 1352 3764 illum

185 3811 330 3870 veterum
353 3826 444 3872 usum
469 3809 619 3888 servavit,
647 3827 675 3870 e.
692 3827 722 3888 g.
743 3827 801 3890 pro
822 3808 916 3872 Rose.
935 3806 972 3869 15
997 3805 1069 3870 Seu.
1086 3804 1235 3884 Roscius,
1254 3808 1353 3886 pater

187 3908 331 3990 huiusce,
355 3911 522 3993 muuieeps
537 3910 718 3976 Auoeriuus
739 3910 817 3996 fuit,
842 3931 915 3976 cum
935 3929 1054 3995 periere
1076 3913 1107 3973 et
1129 3907 1301 3975 mobilitate
1323 3913 1355 3973 et

181 4013 326 4095 pecuuia
347 4033 416 4079 uou
439 4015 528 4080 modo
550 4014 604 4078 sui
627 4014 812 4096 muuicipii,
836 4034 949 4080 uerum
969 4013 1069 4078 etiam
1084 4012 1154 4078 eius
1168 4012 1337 4078 oiciuitati

186 4117 287 4201 facile
316 4117 455 4200 primus,
492 4122 560 4183 tum
590 4118 705 4202 qratia
732 4123 830 4201 atque
858 4116 1007 4200 hospitiis
1034 4117 1155 4197 floreus
1184 4115 1354 4182 homiuum

185 4219 474 4288 mobilissimuum.
521 4221 609 4287 Nam
631 4243 704 4287 cum
726 4220 945 4287 Metellis...

256 4428 276 4500 ¹)
297 4426 343 4483 Sic
362 4427 539 4498 interpungo.
