3154 4926
645 1316 746 1386 Pars
772 1317 803 1386 1.

220 1446 283 1527 lle
310 1447 358 1529 Α.
387 1446 532 1530 Gellio
559 1446 727 1529 veteris
755 1445 974 1529 sermonis
1001 1445 1231 1527 imitatore

467 1565 751 1666 quaestiones
780 1566 985 1649 selectae.

616 1793 837 1862 Praefatio.

212 1903 312 1982 Quid
336 1904 493 1971 Gellius
516 1904 562 1970 de
584 1912 759 1972 veterum
782 1905 1007 1970 imitatione
1029 1904 1239 1970 censuerit.

208 2023 242 2088 Si
275 2045 469 2107 cognoscere
501 2027 648 2093 volumus
682 2048 779 2110 quam
808 2027 966 2092 rationem
998 2025 1158 2091 scribendi
1187 2024 1312 2090 Gellius

142 2125 337 2212 adbibuerit,
367 2130 504 2213 primum
533 2149 573 2195 ea
602 2150 687 2213 qnae
715 2131 785 2216 ipse
815 2129 856 2195 dc
884 2129 991 2195 studio
1019 2148 1076 2195 suo
1105 2129 1198 2210 dixit,
1228 2148 1311 2194 com-

143 2233 292 2316 paranda
314 2239 412 2316 atque
434 2233 654 2316 intellegenda
676 2241 760 2300 sunt.
799 2232 938 2298 Gellium
961 2233 1014 2315 qui
1035 2233 1121 2316 parti
1144 2251 1254 2298 eornm
1277 2250 1312 2296 se

143 2335 272 2401 addixit
304 2336 358 2419 qui
393 2337 522 2404 saeculo
555 2358 586 2423 p.
611 2338 684 2405 (lbr.
715 2338 858 2404 secundo
892 2339 924 2401 in
957 2343 1102 2402 veterum
1132 2337 1311 2402 imitatione

144 2441 251 2505 omnia
274 2442 439 2525 ponebant
461 2442 614 2507 miramur
636 2441 797 2508 interdum
815 2439 969 2508 Frontoni
993 2440 1046 2523 qui
1070 2441 1163 2524 quasi
1186 2440 1312 2505 illorum

144 2541 212 2607 dux
239 2549 336 2626 atque
363 2545 496 2628 signifer
518 2553 589 2611 erat
611 2566 716 2632 paene
739 2545 879 2629 obloqui,
910 2564 982 2611 cum
1005 2545 1038 2608 in
1061 2563 1117 2610 eos
1139 2542 1311 2609 invehatur

144 2646 199 2728 qui
222 2648 375 2714 obsoletis
397 2649 610 2716 locutionibus
626 2655 767 2733 utuntur,
791 2649 881 2715 uelut
900 2647 1104 2731 Favorinum,
1129 2647 1219 2712 cuius
1235 2647 1312 2710 item

145 2756 392 2835 sectatorem,
422 2755 566 2835 grauiter
594 2753 793 2838 increpuisse
817 2753 856 2837 (Ι,
877 2754 926 2831 10)
954 2750 1196 2817 adulescentem
1224 2770 1314 2816 casce

143 2853 247 2920 ulmis
269 2859 301 2920 et
316 2854 425 2937 prisce
446 2857 626 2940 loquentem
640 2863 760 2939 narrat,
780 2875 862 2938 cum,
887 2861 922 2920 ut
938 2854 1034 2920 Gellii
1049 2855 1151 2920 verba
1167 2853 1311 2937 afferam,

146 2957 282 3024 diceret:
315 2959 387 3024 ciue
414 2959 558 3026 moribus
576 2958 776 3043 praeteritis,
807 2965 936 3042 loquere
958 2958 1065 3024 verbis
1081 2957 1315 3040 prementibus

146 3066 244 3144 atque
265 3062 302 3128 id
318 3063 404 3146 quod
418 3083 439 3128 3
456 3061 489 3128 0.
508 3062 647 3130 Caesare
655 3068 691 3145 1),
716 3062 905 3129 excelleutis
919 3061 1049 3147 iuqeuii
1065 3082 1103 3128 33
1113 3060 1315 3144 prudentiae

145 3164 226 3246 viro,
261 3165 300 3231 iu
323 3166 431 3248 331333
458 3168 496 3232 cle
523 3168 682 3253 anuloqio
712 3167 794 3233 libro
821 3166 979 3249 scriptum
1006 3170 1054 3231 331
1081 3165 1164 3232 bale
1191 3185 1315 3247 semper

145 3266 184 3332 iu
211 3269 365 3335 memoria
391 3290 428 3336 33
446 3273 582 3352 pectore,
607 3275 646 3336 ut
669 3275 836 3354 tamquam
858 3270 1035 3353 scopulum,
1060 3269 1106 3334 sic
1127 3266 1314 3354 13913313-

147 3369 300 3436 oudituru
333 3377 430 3456 31333
459 3373 605 3439 insoleus
633 3373 807 3446 verbulub.
865 3374 947 3438 item
975 3392 1146 3438 causarum
1174 3377 1314 3437 actorem

146 3473 318 3558 quendam,
347 3476 401 3558 qui
429 3476 461 3541 13
488 3476 556 3543 foro
583 3476 690 3542 uerbis
716 3476 960 3559 antiquissimis
986 3475 1173 3559 relictisque
1194 3475 1262 3540 ium
1286 3478 1317 3539 31

147 3577 259 3644 desitis
280 3584 432 3662 uteretur,
459 3580 506 3644 ita
527 3580 690 3664 vituperat
712 3580 783 3662 (XI,
801 3581 829 3662 7,
850 3583 892 3660 l):
927 3578 1035 3645 verbis
1058 3579 1109 3644 uti
1133 3582 1194 3644 uui
1214 3577 1316 3642 uiuis

146 3681 294 3748 obsoletis
322 3683 564 3766 esculentisque
589 3687 651 3748 331
675 3683 894 3749 insolentibus
915 3682 1137 3764 novitatisque
1159 3681 1263 3746 durae
1285 3685 1317 3746 31

145 3784 301 3867 illepidae
324 3807 392 3869 pur
420 3807 486 3854 esse
514 3786 667 3852 delictum
692 3785 831 3851 uidetur.
886 3784 950 3850 Sed
975 3783 1141 3850 molestius
1169 3784 1317 3866 equidem
1387 3800 1392 3808 ·

146 3889 375 3973 coelestiusque
408 3911 474 3956 esse
505 3890 650 3956 arbitror
685 3888 783 3954 uerba
815 3908 910 3969 3333,
945 3887 1125 3973 1333933113,
1155 3887 1316 3952 inaudita

216 4163 237 4230 1)
256 4163 299 4216 De
318 4161 371 4216 hoc
390 4162 454 4216 1333
474 4160 509 4216 31.
522 4162 609 4216 Hertz
622 4161 768 4218 Vindiciae
781 4160 927 4215 Gellianae
941 4159 1048 4213 alterae
1067 4157 1204 4212 Fleckeis.
1217 4157 1317 4213 Jahrb.

53 4261 55 4264 ·
146 4249 207 4304 Vll.
221 4264 290 4317 spn,
309 4249 383 4316 Lips.
404 4252 549 4317 ista-75,
568 4264 594 4316 p.
607 4251 640 4306 83
659 4263 700 4315 sq.

214 4337 236 4404 1)
255 4336 316 4390 Hoc
330 4335 462 4390 Caesaris
481 4335 599 4390 verbum
612 4336 771 4389 Favorinus
790 4334 930 4388 sententia
946 4331 1061 4401 paulum
1075 4331 1183 4386 deflexa
1195 4333 1223 4385 in
1236 4349 1316 4385 suum

146 4438 227 4476 rasum
246 4436 370 4477 vocasse
388 4423 516 4492 videtur3
535 4421 570 4476 cf.
590 4421 712 4490 Norden,
730 4422 919 4490 Kuustprosa,
937 4422 1036 4487 p.188.

1101 4510 1112 4560 l
