3154 4926
851 320 889 385 10

283 491 433 574 exempla
456 490 558 556 affert.
603 489 694 567 Quae
717 511 769 556 res
792 511 830 557 eo
853 492 1033 559 illustratur
1055 491 1141 574 quod
1165 493 1301 576 legimus
1317 495 1356 578 V,
1373 499 1403 579 8,
1416 497 1449 560 7:

284 595 350 659 ‘est’
375 599 484 660 comm
506 599 538 659 et
561 595 652 661 ‘erat'
677 599 708 659 et
730 595 818 679 ‘suit'
837 597 1032 680 pierumque
1054 597 1177 663 absunt
1198 619 1270 664 crum
1287 599 1451 684 crepantia

282 697 355 763 stne
378 697 570 764 detrimento
591 699 784 780 sententiae,
814 700 930 782 quibus
952 698 1061 764 formis
1084 720 1104 764 a
1128 699 1233 764 Gellio
1256 702 1451 767 enumeratis

283 822 349 867 csse
371 800 494 868 addere
516 822 698 887 possumus.
736 803 786 868 Ea
808 804 909 868 verba
932 824 995 869 non
1013 803 1117 869 minus
1133 823 1234 888 saepe
1250 825 1346 887 quam
1362 805 1450 890 apud

283 905 423 971 Gellium
445 906 478 970 in
500 912 645 972 veterum
668 907 859 991 scriptorum
877 906 1067 989 fragmentis
1082 905 1210 973 desunt.
1248 907 1450 992 Quamquam

284 1008 412 1092 singula
439 1009 554 1076 afferre
581 1011 625 1076 ab
654 1009 806 1076 hocloco
830 1010 969 1076 alienum
993 1013 1113 1095 put01).
1160 1011 1208 1076 Cf.
1234 1013 1340 1095 Hertz,
1365 1033 1395 1076 v.
1412 1011 1450 1078 G.

283 1134 312 1179 a.
336 1134 368 1198 p.
385 1113 435 1177 24.

745 1213 747 1218 ’
849 1235 892 1298 11.

283 1355 341 1422 De
364 1353 519 1440 reliqua
541 1358 721 1424 veterum
745 1334 967 1424 imitatione
996 1354 1039 1422 in
1063 1354 1298 1424 uuiversum
1323 1354 1453 1440 capita

823 1458 912 1526 tria.

349 1578 467 1645 Allatis
490 1580 553 1645 illis
576 1580 733 1664 exemplis
756 1580 873 1662 quibus
896 1580 972 1663 quin
989 1580 1114 1646 Gellius
1136 1585 1264 1645 veteres
1280 1579 1452 1663 scriptores

283 1683 428 1750 imitatus
451 1683 494 1750 sit
515 1703 608 1749 nemo
631 1684 751 1767 estqui
767 1684 918 1748 dubitare
934 1685 1046 1768 possit,
1070 1683 1113 1748 ad
1130 1702 1170 1748 ea
1186 1682 1342 1750 accedam
1358 1702 1451 1765 quae,

284 1807 479 1870 quamquam
503 1787 543 1853 de
560 1787 606 1853 eis
623 1808 685 1853 non
702 1788 890 1872 disputavit,
914 1809 976 1853 non
993 1787 1098 1852 minus
1114 1786 1292 1852 imitatione
1308 1791 1452 1853 veterum

284 1890 500 1956 declarantur.
527 1891 612 1958 Nam
627 1891 782 1974 plurimas
798 1892 969 1956 verborum
984 1889 1232 1974 compositiones
1249 1896 1282 1954 et
1297 1891 1453 1954 sermonis

285 1992 501 2079 proprietates
529 1993 645 2076 quibus
668 1993 792 2060 Gellius
814 1995 857 2060 ab
881 1994 1010 2078 optimis
1032 1993 1242 2078 scriptoribus
1266 1992 1374 2057 differt
1397 1999 1453 2056 aut

285 2118 416 2182 prorsus
439 2117 599 2179 congruas
622 2104 680 2163 ant
699 2097 870 2182 ¹paululum
892 2098 1079 2163 immutatas
1103 2097 1215 2163 autin
1238 2099 1285 2162 eis
1307 2101 1452 2162 veterum

287 2201 476 2283 fragmentis
499 2211 583 2284 quae
606 2201 676 2285 ipse
700 2201 792 2266 nobis
815 2199 951 2282 tradidit
973 2201 1079 2266 inesse
1101 2198 1283 2266 videbimus
1304 2206 1361 2265 aut
1376 2199 1453 2264 alibi

285 2326 306 2369 a
338 2304 501 2370 veteribus
538 2304 750 2387 scriptoribus
788 2305 946 2388 usurpari.
1006 2303 1114 2386 Atque
1148 2303 1181 2368 id
1216 2302 1302 2386 quod
1336 2302 1453 2368 nemini

287 2408 421 2473 dubium
454 2426 526 2473 esse
560 2413 676 2492 potest,
711 2408 867 2492 imprimis
896 2408 1078 2490 fragmenta
1105 2407 1162 2472 illa
1189 2407 1281 2473 nobis
1309 2406 1453 2472 animad-

284 2510 442 2577 vertenda
464 2517 548 2593 sunt,
571 2531 672 2594 quare
695 2532 751 2577 eos
773 2512 860 2578 locos
884 2531 963 2595 quos
987 2512 1110 2577 auctori
1134 2517 1243 2577 nostro
1258 2511 1291 2574 in
1309 2511 1452 2576 oratioue

285 2614 508 2699 componenda
523 2621 599 2680 ante
615 2615 725 2681 oculos
741 2621 886 2681 versatos
904 2633 974 2680 esse
991 2613 1196 2680 manifestum
1212 2620 1272 2697 est,
1291 2613 1454 2679 asteriscis

285 2719 457 2801 insigniam
478 2724 585 2802 atque,
610 2723 764 2801 quantum
780 2717 849 2782 fieri
865 2719 992 2802 poterit,
1017 2719 1147 2802 reliquis
1164 2717 1320 2802 exemplis
1336 2717 1454 2799 ubique
1536 2763 1537 2808 5

285 2842 494 2907 praeponam.

793 2925 900 3010 Caput
922 2928 948 2992 Ι.

643 3045 691 3102 De
710 3045 914 3104 abundantia
932 3045 1106 3104 sermonis.

350 3153 513 3219 Sermonis
528 3151 764 3218 abundantiam
780 3155 927 3220 omnibus
943 3154 1074 3236 linguae
1090 3153 1253 3218 aetatibus
1265 3151 1453 3236 reperimus,
1536 3195 1537 3208 ,

286 3263 321 3323 ut
344 3257 441 3322 etiam
466 3256 654 3322 Ciceronem
682 3276 754 3321 eam
778 3258 896 3340 ubique
919 3257 1076 3324 adbibere
1100 3257 1247 3322 omnibus
1270 3261 1379 3321 notum
1402 3255 1454 3320 sit.
1536 3271 1537 3354 ,

286 3362 352 3426 Sed
387 3367 422 3425 ut
454 3360 565 3444 optimi
601 3360 774 3444 scriptores
808 3362 982 3446 praecipue
1015 3360 1175 3427 rhetorica
1206 3363 1277 3424 arte
1306 3359 1453 3425 commoti
1536 3359 1537 3374 ³

285 3465 482 3549 pleonasmis
505 3469 636 3529 utuntur
645 3469 668 3544 2)
693 3483 765 3529 cum
787 3466 950 3548 ceteroqui
972 3465 1076 3530 rarius
1093 3483 1149 3529 eos
1165 3461 1343 3526 adhibeant
1351 3465 1385 3545 3),
1409 3462 1455 3526 ita
1536 3543 1537 3548 ἵ

286 3568 459 3652 scriptores
486 3567 595 3633 Latini
622 3568 825 3650 vetustiores,
861 3569 913 3652 qui
947 3566 1109 3634 scribendi
1139 3571 1210 3632 arte
1239 3564 1380 3630 nondum
1410 3565 1455 3628 ad
1536 3581 1537 3610 1

286 3673 450 3754 fastigium
478 3670 597 3738 educta
625 3690 772 3738 sermone
800 3671 943 3756 pedestri
972 3672 1125 3754 scribunt,
1153 3691 1217 3737 non
1243 3675 1310 3734 tam
1333 3674 1368 3733 ut
1390 3667 1455 3732 vim

356 3930 376 3996 1)
394 3929 488 3983 Plauti
507 3932 536 3982 et
554 3927 682 3983 Terentii
700 3927 778 3981 locos
797 3927 946 3980 nonnullos
972 3925 1117 3994 congessit
1135 3925 1287 3993 Reinkens,
1306 3913 1382 3980 Uber
1401 3924 1456 3978 den

287 4015 479 4070 Accusativus
499 4032 561 4068 curm
573 4013 715 4068 infinitivo
734 4013 781 4067 bei
793 4013 911 4066 Plautus
926 4012 983 4066 und
996 4013 1116 4080 Terens,
1133 4013 1232 4082 Progr.
1245 4028 1273 4064 v.
1287 4010 1459 4066 Diisseidorf

288 4107 365 4171 1887,
393 4101 466 4156 unde
495 4101 693 4171 cognoscimus
720 4116 778 4154 ecoe
807 4100 882 4169 apud
910 4101 1033 4156 comicos
1061 4099 1226 4169 saepissime
1250 4097 1368 4153 detrahi.
1412 4099 1456 4152 De

285 4189 376 4246 verbo
400 4188 581 4242 substantivo
605 4204 622 4241 a
644 4187 737 4256 poetis
760 4187 890 4256 neglecto
913 4186 1036 4256 loquitur
1053 4187 1112 4240 Leo
1132 4184 1257 4239 Senecae
1276 4184 1456 4252 Tragoediae

286 4279 307 4346 I,
321 4281 371 4334 184
389 4291 459 4344 sqq,
478 4274 528 4329 sed
547 4291 598 4329 nos
618 4274 683 4329 iude
702 4274 768 4328 nihil
786 4275 815 4328 iu
833 4290 914 4328 usum
932 4278 1059 4329 nostrum
1078 4288 1185 4328 vocare
1204 4288 1363 4343 possumus.

355 4365 377 4430 2)
397 4360 432 4416 cf.
451 4361 567 4429 Ziemer,
586 4361 883 4431 Junggrammatische
902 4360 1068 4430 Streifniige,
1088 4358 1219 4428 Oclberg,
1238 4375 1264 4427 p.
1277 4363 1320 4415 47.

354 4452 376 4518 θ)
396 4446 916 4519 Reisig-Haase·Schmaln-Landgraf,
934 4449 996 4502 Lat.
1008 4447 1065 4515 Gr,
1084 4452 1099 4512 8
1118 4451 1178 4505 456.
