3154 4926
702 353 721 416 5

249 618 310 686 De
336 617 528 685 veterum
556 613 766 683 scribendi
792 614 955 684 ratione
983 630 1008 682 a
1035 614 1169 683 Gellio

473 733 707 802 imitatione
735 749 945 816 expressa.

192 865 261 930 Iam
292 864 461 930 videamus
494 883 559 947 qua
588 869 658 928 arte
686 883 764 930 usus
792 863 916 930 Gellius
949 884 1057 930 eorum
1086 884 1166 947 quos
1196 883 1295 948 supra

98 1044 101 1049 ¹
127 969 377 1034 commemoravi
399 968 589 1052 seriptorum
613 987 793 1034 sermonem
815 968 961 1033 imitatus
983 969 1034 1051 sit,
1058 966 1204 1033 sednon
1228 974 1293 1032 tam

125 1071 168 1136 de
199 1072 306 1138 verbis
335 1071 479 1154 singulis,
510 1071 552 1136 de
579 1071 695 1154 quibus
722 1073 787 1136 iam
810 1092 831 1136 a
854 1070 958 1137 doctis
981 1071 1059 1137 viris
1086 1071 1207 1156 optime
1230 1069 1294 1136 dis·

127 1180 276 1259 putatum
294 1181 353 1258 est,
374 1195 469 1259 quam
486 1175 527 1240 de
540 1175 755 1241 locutionibus
771 1195 852 1258 quas
868 1175 911 1240 ab
927 1175 1068 1258 antiquis
1084 1174 1294 1259 scriptoribus

126 1284 294 1345 mutuatus
317 1284 367 1345 est
390 1277 533 1344 dicturus
557 1282 669 1359 sum1).

696 1467 721 1530 Ι.

67 1549 70 1554 ¹
125 1587 184 1656 De
208 1587 267 1656 eis
289 1587 489 1656 sermonis
509 1585 818 1673 proprietalibus
838 1604 939 1673 quas
963 1607 983 1655 e
1006 1585 1296 1655 vetustioribus

383 1710 427 1758 se
451 1689 698 1777 expressisse
721 1689 807 1774 ipse
830 1690 944 1758 testis
968 1693 1039 1758 est.

192 1809 241 1876 Ao
263 1812 401 1895 primum
430 1810 559 1895 quidem
589 1811 744 1876 nonnulla
772 1811 905 1876 afferam
936 1830 1020 1894 quae
1043 1831 1064 1876 a
1086 1830 1121 1878 se
1144 1830 1186 1876 ex
1216 1810 1296 1875 anti-

127 1914 292 1996 quioribus
327 1915 455 2000 seriptis
489 1920 658 1998 assumpta
691 1933 764 1980 esse
797 1914 1029 1999 propemodum
1062 1915 1133 2000 ipse
1168 1913 1298 1979 videtur

128 2017 236 2083 dicere
260 2017 392 2084 Gellius.
438 2018 523 2086 Nam
554 2017 675 2083 formas
698 2017 856 2102 quasdam
879 2019 1050 2083 verborum
1078 2023 1111 2083 et
1139 2017 1295 2104 composi-

128 2121 232 2186 tiones
255 2141 339 2205 quae
362 2121 391 2186 ei
414 2142 475 2186 non
499 2121 564 2185 iam
588 2120 677 2206 apud
695 2122 810 2204 volgus
831 2121 973 2187 usitatae
996 2141 1068 2187 esse
1089 2121 1294 2204 videbantur,

130 2225 185 2288 ubi
208 2243 266 2290 eas
288 2231 433 2290 vetorum
457 2224 615 2308 exemplis
638 2223 748 2290 allatis
770 2223 898 2290 firmare
921 2232 1058 2310 poterat,
1082 2225 1153 2310 ipse
1169 2243 1296 2308 quoque

132 2325 291 2392 adhibuit.
347 2326 438 2404 Quae
466 2327 616 2411 exempla
645 2348 840 2411 quamquam
875 2329 917 2394 ab
950 2328 1023 2392 aliis
1050 2328 1115 2393 iam
1143 2349 1295 2411 magnam

131 2437 257 2514 partem
273 2430 470 2513 investigata
486 2437 570 2514 sunt,
594 2437 702 2495 tamen
719 2431 795 2496 mihi
811 2432 909 2497 lioeat
933 2430 1076 2517 prolerre
1092 2451 1196 2515 neque
1212 2431 1296 2497 enim

131 2536 192 2600 abs
214 2553 249 2598 re
273 2553 344 2599 esse
368 2540 446 2618 puto
470 2533 790 2617 disiectacolligere.

195 2654 320 2721 Gellius
340 2674 381 2718 ex
397 2654 525 2720 Claudii
542 2655 715 2721 annalibus
731 2655 827 2720 affert
843 2655 961 2740 (XVII,
979 2657 1008 2740 2,
1029 2657 1079 2736 10)
1103 2657 1169 2722 sole
1189 2677 1297 2723 occaso

130 2757 322 2843 (l1·.3P)²)‚
347 2756 388 2822 de
415 2777 479 2841 qua
502 2758 662 2824 locutione
685 2759 732 2824 ita
754 2758 892 2824 iudioat:
918 2759 1001 2825 ‘Sole
1019 2760 1135 2825 ooooso'
1160 2780 1228 2826 uon
1243 2760 1296 2825 u'u·

128 2861 226 2927 suavi
247 2865 408 2926 uetustate
427 2865 483 2941 est,
507 2861 537 2926 sl
552 2862 627 2944 quis
644 2882 759 2929 aurem
775 2861 873 2943 habet
886 2882 954 2928 nou
970 2863 1136 2929 sordidam
1151 2883 1210 2929 uec
1220 2885 1295 2946 pro·

129 2967 302 3046 calculum,
333 2971 365 3030 et
394 2984 466 3030 eam
489 2967 579 3030 verbi
608 2966 744 3032 formam
772 2967 804 3030 in
832 2965 1003 3032 duodecim
1026 2986 1153 3050 quoque
1177 2968 1296 3033 tabulis

130 3087 204 3134 esse
233 3070 386 3153 seriptum
419 3068 628 3135 demonstrat.
678 3070 792 3138 Nonne
827 3069 924 3152 igitur
957 3077 1007 3136 est
1036 3077 1193 3154 apertum,
1225 3090 1297 3136 eum

130 3171 268 3237 eandem
291 3172 425 3237 formam
449 3178 498 3237 ter
520 3172 609 3258 apud
629 3174 733 3258 ipsum
758 3173 970 3257 inveniamus,
995 3193 1035 3238 ex
1059 3175 1175 3257 quibus
1199 3194 1295 3239 unum

129 3275 235 3340 looum
263 3275 326 3339 iam
354 3276 469 3341 Hosius
478 3276 503 3361 ³)
532 3275 660 3342 videtur
683 3278 985 3344 commemoravisse
1014 3278 1089 3361 (Ill,
1107 3278 1136 3362 2,
1152 3279 1199 3356 ill:
1224 3281 1299 3361 post
1342 3358 1345 3364 ἱ

128 3379 225 3444 solem
247 3399 403 3462 occasum,
427 3379 477 3445 oui
500 3378 588 3445 addo
604 3379 693 3463 XIV,
711 3382 739 3464 7,
757 3381 777 3445 8
794 3385 871 3465 post
890 3383 988 3448 solem
1010 3402 1158 3447 oceasum
1181 3386 1214 3445 et
1235 3381 1296 3463 III,

129 3481 160 3564 2,
177 3483 234 3548 iu
255 3483 321 3548 sole
342 3503 459 3564 occaso,
486 3482 624 3548 Gellium
648 3503 688 3548 ea
711 3504 745 3548 re
768 3491 895 3550 veteres
918 3485 1060 3549 imitari?

195 3603 232 3666 In
261 3601 373 3668 eodem
402 3603 510 3690 eapite
545 3604 665 3689 (XVII,
695 3608 724 3688 2,
754 3605 806 3691 18)
835 3625 875 3670 ex
903 3604 1016 3671 eodem
1041 3603 1177 3670 Claudio
1204 3603 1300 3668 affert

128 3726 172 3772 ue
194 3705 230 3771 ld
251 3727 376 3790 quoque
397 3707 447 3787 (fr.
468 3708 567 3788 171³),
592 3728 663 3773 oum
686 3707 777 3774 dicit:
802 3708 863 3775 ‘Ne
886 3709 922 3775 ld
943 3708 1077 3792 quoque'
1097 3728 1159 3789 pro
1183 3709 1235 3772 ‘ue
1262 3707 1299 3772 lu

129 3809 269 3894 quidem'
299 3810 494 3894 infrequens
521 3831 614 3877 uuae
636 3812 674 3878 la
699 3812 856 3894 loquendo
884 3813 940 3878 sed
967 3811 1006 3877 iu
1037 3810 1131 3876 libris
1153 3814 1299 3876 veterum

199 4100 219 4165 ¹)
238 4100 299 4153 Hao
322 4099 349 4153 in
370 4115 401 4154 re
420 4115 523 4169 magno
543 4099 608 4154 mihi
628 4099 789 4154 adiumento
809 4099 862 4153 fuit
881 4100 910 4155 0.
925 4099 1044 4169 Gorgos,
1068 4102 1112 4155 De
1131 4099 1298 4170 quibusdam

128 4186 265 4240 sermonis
278 4185 399 4240 Gelliani
410 4186 632 4255 proprietatibus
645 4186 871 4256 observationes,
884 4187 952 4241 diss.
963 4187 1036 4240 Hall.
1051 4191 1127 4258 1883,
1145 4204 1207 4242 oum
1221 4187 1299 4242 addi-

128 4273 261 4326 tamentis
275 4287 347 4341 quae
361 4274 520 4341 composuit
531 4272 629 4340 Ebert,
641 4273 752 4327 Bliitter
763 4272 783 4327 f.
798 4273 824 4328 d.
833 4273 915 4345 bayr.
925 4273 1035 4344 Gymn,
1051 4278 1125 4344 1885,
1137 4290 1164 4342 p.
1174 4279 1226 4332 574
1239 4290 1298 4343 sqq.

196 4377 218 4444 ²)
236 4376 371 4431 Histon‘o.
388 4379 508 4432 Roman.
527 4377 687 4446 fragmenta
707 4378 770 4432 ooll.
788 4380 882 4446 Peter,
900 4377 1013 4445 Lipsiae
1031 4382 1109 4436 1888.

197 4483 218 4549 Ι)
236 4482 342 4538 Hosius
361 4483 388 4538 in
408 4482 452 4539 ed.
471 4482 550 4550 Geli,
569 4482 644 4552 Lips.
666 4485 741 4550 1901,
759 4500 786 4551 p.
800 4486 858 4542 352.
