3154 4926
786 321 828 388 36

703 411 907 422 ---........-..

215 497 430 574 percontatus
450 497 504 558 est.
543 492 715 559 Mulier.
734 544 740 557 .
758 543 765 558 .
778 495 930 577 poposcit.
968 494 1074 560 Rex.
1093 544 1100 559 .
1118 548 1124 558 .
1142 495 1267 562 derisit.
1307 494 1392 562 Tum

220 596 284 662 illa
299 645 305 659 .
323 647 329 658 .
349 649 354 660 .
372 618 478 681 repom
500 597 726 682 interropaoit.
766 596 830 662 Secl
852 597 940 663 enim
956 597 1212 681 Tarquinius
1234 600 1271 665 icl
1288 601 1392 665 multo

220 699 298 764 risit
318 701 424 786 mapis
440 749 447 763 .
466 751 472 765 .
491 749 497 764 .
543 700 718 767 Mulier.
737 751 743 763 .
761 750 768 763 .
785 706 888 785 rapat.
935 701 1190 785 Tarquinius
1211 703 1389 787 intellepit3

220 803 275 886 VI,
288 803 339 886 20,
357 807 369 869 1
388 804 555 887 Scriptum
566 805 694 889 repperi
709 855 714 867 .
730 855 736 868 .
751 854 756 866 .
786 804 1008 889 Verpilium
1018 806 1139 888 petisse
1151 827 1171 872 a
1183 805 1347 872 Nolanis.
1362 854 1390 870 ..

219 905 398 973 Nolanos
426 907 616 989 beneficium
639 907 780 990 petitum
806 928 875 975 non
897 908 1021 993 fecisse,
1046 913 1202 991 poetam
1229 910 1392 994 offensum

219 1029 337 1076 nomen
359 1011 453 1078 urbis
475 1033 587 1078 eorum
609 1062 614 1074 .
634 1060 665 1074 ..
688 1011 863 1094 duusisse3
898 1012 953 1095 VI,
973 1013 1021 1096 19,
1039 1014 1124 1077 3-4
1151 1013 1189 1078 L.
1205 1012 1391 1096 Scipioni

220 1113 403 1181 Asiatico
419 1167 424 1178 .
440 1164 446 1179 .
462 1163 469 1178 .
489 1113 521 1180 O.
536 1115 709 1181 Minucius
725 1115 927 1200 Aupurinus
942 1164 949 1179 .
964 1167 971 1181 .
986 1167 992 1179 .
1010 1117 1148 1182 multam
1162 1116 1325 1201 irrepaoit
1339 1165 1366 1180 ..
1383 1168 1389 1178 .

220 1215 349 1300 Scipio
376 1217 605 1302 Africanus
627 1267 634 1282 .
658 1267 665 1282 .
689 1218 869 1302 petebat.
895 1270 900 1282 .
923 1270 929 1282 .
952 1224 1032 1285 octo
1067 1220 1231 1287 tribuni
1260 1221 1391 1305 capuita

218 1341 321 1387 causa
345 1322 571 1405 decreuerunt3
604 1323 770 1406 111‚15‚4
797 1326 895 1405 atque
917 1323 947 1387 is
976 1323 1212 1390 adulescens
1239 1344 1308 1391 nou
1331 1323 1389 1390 clia

214 1427 290 1506 post
310 1445 351 1489 eu
373 1445 412 1490 ea
429 1446 547 1511 pupna
568 1425 608 1491 in
630 1425 744 1491 urbem
764 1426 860 1507 redit,
885 1445 988 1492 anus
1010 1431 1141 1508 repente
1162 1426 1232 1507 tilio
1247 1428 1338 1493 viso.
1359 1477 1388 1490 ..

221 1548 372 1610 oppressu
395 1529 653 1612 exanimataque
673 1534 729 1595 est.

287 1651 306 1729 ἕ
333 1650 382 1714 19.
426 1649 629 1733 Ubicumque
656 1650 836 1716 subiectum
865 1655 1023 1715 mutatum
1052 1671 1116 1717 nou
1145 1651 1335 1735 exprimitur
1356 1653 1389 1715 in

220 1751 419 1820 coordinatis
445 1753 624 1836 sententiis,
652 1753 696 1818 ibi
720 1754 951 1820 obscuritatem
974 1755 1049 1819 oriri
1072 1759 1224 1838 apparet:
1260 1754 1388 1820 Coelius

221 1855 257 1921 fr.
282 1856 325 1920 44
358 1856 434 1939 Ipse
466 1857 553 1941 repis
586 1856 716 1923 eminus
750 1879 828 1941 equo
857 1858 940 1942 ferit
961 1863 1075 1940 pectus
1102 1858 1285 1938 advorsum,
1315 1877 1388 1924 con·

217 1960 377 2044 penuclat
399 1961 457 2044 (rc.
481 1960 597 2043 equus)
622 1981 808 2042 percussus,
837 1960 953 2028 deiecit
974 1962 1141 2028 dominum
1166 1997 1196 2028 ω
1221 1961 1259 2026 G.
1277 1961 1319 2043 ΙΙ,
1337 1961 1388 2044 23,

223 2064 293 2144 161)
322 2063 377 2131 Ea
405 2084 457 2130 res
482 2065 568 2130 clam
592 2067 722 2146 patrem
743 2064 814 2148 fuit
835 2069 867 2130 et
889 2065 1073 2132 habebatur
1089 2087 1152 2149 pro
1174 2065 1305 2150 cirpine
1333 2067 1390 2149 (ex

218 2165 374 2252 Caecilio)
383 2167 424 2250 ²)3
448 2167 491 2251 ΙΙ,
504 2169 534 2251 3,
551 2170 564 2231 l
591 2172 688 2250 atque
704 2167 912 2234 lucidentur
928 2174 983 2246 (sc.
1001 2175 1129 2234 veteres
1144 2168 1258 2240 nostri)
1274 2167 1389 2252 fecisse

218 2269 325 2335 stuclio
354 2275 387 2336 et
414 2271 557 2354 exemplo
587 2270 722 2355 linpuue
744 2270 884 2336 Atticae.
934 2272 1025 2337 Satis
1053 2277 1168 2339 notum
1195 2276 1243 2339 est
1265 2270 1391 2336 Atticos

219 2372 307 2454 [ptos
342 2378 373 2439 et
401 2375 489 2437 ianoe
520 2378 551 2438 et
577 2374 684 2440 multa
712 2373 826 2438 iticlem
855 2373 926 2439 alia
953 2380 1069 2442 contra
1096 2397 1214 2442 morem
1238 2374 1389 2460 pontium

219 2473 379 2544 Graeciae
406 2482 590 2543 ceterarum
619 2476 822 2559 inspirantis
844 2477 975 2559 primae
1005 2479 1134 2544 litterae
1159 2479 1290 2544 aluisse.
1335 2478 1390 2543 Sic

219 2581 442 2663 ‘lacbrumas'‚
465 2581 511 2646 sic
535 2578 775 2663 sepulchrum,
800 2579 847 2644 sic
870 2579 1034 2646 ‘ahenum'
1049 2631 1055 2644 .
1072 2630 1080 2644 .
1099 2633 1104 2646 .
1121 2582 1168 2648 sic
1189 2582 1388 2648 ‘honustum'

220 2686 381 2751 dicerunt
402 2685 461 2768 (sc.
485 2685 642 2764 nostrin).

283 2790 320 2853 In
343 2789 519 2854 enuntiatis
543 2785 759 2853 secundariis:
785 2788 821 2869 V,
840 2789 869 2870 9,
891 2789 927 2853 10
951 2787 1039 2856 Nam
1061 2810 1133 2854 cum
1156 2789 1195 2853 in
1215 2810 1307 2854 sacro
1322 2810 1389 2854 cer-

219 2891 343 2958 tamine
364 2891 491 2957 sortitio
512 2891 602 2957 inter
624 2891 710 2973 ipsos
732 2895 764 2956 et
785 2892 992 2958 aduersarios
1013 2913 1080 2958 non
1106 2891 1189 2959 bona
1211 2891 1275 2973 fide
1295 2891 1391 2973 fieret

219 3001 251 3061 et
276 2999 394 3061 sortem
421 2995 566 3060 nominis
594 2996 720 3080 falsam
747 2995 853 3060 subici
877 2995 1172 3077 animaduertisset,
1196 3000 1328 3078 repente
1349 2995 1385 3062 in

222 3120 294 3164 eum
316 3098 374 3181 qui
396 3097 433 3163 ia
453 3098 620 3182 faciebat.
640 3149 645 3160 .
665 3150 670 3162 .
688 3119 846 3183 mapuum
869 3098 1083 3165 inclamabat.

286 3223 306 3300 ἕ
322 3220 371 3284 20.
396 3220 531 3284 Veteres
547 3219 720 3303 scriptores
735 3220 824 3304 ipsos
837 3221 976 3285 sensisse
990 3219 1046 3283 illa
1058 3239 1092 3284 re
1105 3238 1283 3284 sermonem
1296 3240 1388 3286 sunm

220 3342 321 3407 saepe
343 3342 458 3406 parum
481 3329 667 3387 accuratum
689 3322 759 3387 fieri
774 3321 850 3387 inde
866 3323 1037 3405 intellegas
1052 3321 1138 3406 quod
1154 3321 1240 3388 idem
1256 3325 1388 3389 verbum

218 3427 333 3491 iterum
361 3427 540 3508 iterumque
568 3426 735 3492 anxietate
762 3425 903 3509 quadam
933 3428 1083 3492 commoti
1106 3425 1272 3508 adhibent,
1300 3427 1389 3492 velut
1493 3430 1499 3443 '

217 3529 329 3615 *Oalp
353 3530 428 3595 Piso
456 3529 494 3594 fr.
515 3528 556 3593 27
585 3529 679 3606 (Geli.
696 3530 768 3613 VII,
791 3531 820 3612 9,
841 3528 873 3610 2)
905 3527 963 3596 On.
986 3529 1131 3595 Flauius
1153 3579 1158 3590 .
1183 3579 1190 3593 .
1213 3577 1237 3612 .,
1265 3529 1387 3611 inquit,

217 3633 375 3717 scriptum
401 3633 554 3718 faciebat,
584 3634 675 3717 isque
701 3635 739 3700 in
768 3655 802 3699 eo
832 3638 969 3716 tempore
997 3632 1126 3698 aedili
1159 3633 1297 3698 curuli
1330 3653 1387 3716 ap-

287 3842 307 3906 1)
328 3840 371 3894 Of.
390 3838 423 3894 G.
436 3840 496 3908 VIl,
514 3844 530 3897 3
553 3839 638 3907 (Aelii
655 3837 814 3893 Tuberonis
833 3837 898 3891 hist.
916 3837 980 3894 ir.8
997 3839 1030 3905 P)
1061 3838 1168 3891 Tubero
1188 3879 1234 3892 ...
1253 3837 1389 3906 scriptum

216 3927 332 3996 reliquit
345 3970 351 3982 .
366 3969 371 3982 .
385 3968 391 3981 .
406 3926 548 3996 Repulum
560 3969 567 3981 .
580 3968 586 3981 .
600 3969 606 3980 .
614 3927 758 3996 proelium
774 3926 882 3994 prande
902 3927 929 3977 et
946 3941 1010 3977 acre
1027 3923 1129 3994 fecisse
1148 3924 1287 3978 advorsus
1301 3941 1389 3978 riuum

217 4017 371 4083 serpentem
393 4013 424 4067 in
442 4013 511 4067 locis
530 4013 715 4067 stabulantem
733 4011 897 4066 invisitatae
916 4011 1111 4076 immanitatis,
1131 4027 1247 4078 cumque
1266 4014 1315 4076 (sc.
1330 4027 1387 4064 ser-

217 4103 340 4170 pentem)
359 4117 462 4169 mapna
475 4099 562 4155 totius
574 4099 713 4154 accercitus
725 4097 929 4166 conflictatione
944 4097 1067 4151 ballistis
1079 4100 1162 4165 atque
1174 4097 1327 4165 catapultis
1339 4097 1388 4150 diu

217 4190 416 4258 oppupnatum,
435 4187 549 4255 eiusque
567 4186 709 4256 interfecti
721 4186 828 4240 corium
842 4227 847 4239 .
862 4227 867 4240 .
882 4227 888 4238 .
901 4184 1022 4239 Romam
1034 4184 1145 4237 misisse
1163 4187 1215 4250 (sc.
1227 4184 1387 4253 Regulum).

286 4276 307 4342 Β)
326 4275 369 4329 De
388 4273 442 4329 hoc
461 4274 525 4328 loco
545 4273 581 4328 cf.
601 4289 687 4342 supra
704 4289 731 4341 p.
745 4277 779 4330 35
798 4272 862 4326 adn.

285 4365 308 4427 ³)
334 4361 426 4426 Quare
461 4378 516 4415 non
549 4365 627 4415 recte
656 4359 835 4428 supplevisse
866 4363 985 4427 apparet
1014 4357 1237 4412 Daiatzlronem:
1274 4356 1389 4429 (nostri)

217 4449 361 4504 dicerunt.
