3154 4926
850 324 870 388 8

275 492 357 557 Gell.
375 493 434 575 ΙΙΙ,
456 495 503 576 14,
521 495 539 558 2
563 515 604 559 eu
618 493 709 560 mille
728 515 908 564 uummum.
941 497 989 561 Dc
1010 497 1082 562 aliis
1099 497 1308 581 scriptoribus
1325 497 1439 563 videas

275 596 554 680 Neue-Wagener,
578 597 807 686 Formenlehre
830 599 893 682 11³,
910 599 972 664 302
989 620 1036 682 sq.

341 700 465 766 Gellius
489 701 521 765 in
545 701 708 767 Ciceronis
731 702 822 767 Verr.
839 701 878 786 V,
899 703 950 786 65,
975 702 1035 767 167
1065 702 1151 769 buuc
1173 703 1236 778 sibi
1259 725 1328 770 rem
1345 725 1441 787 prue-
1535 689 1536 696 Ι

274 802 359 869 sidio
385 809 523 887 speruut
548 806 704 889 futurum
713 807 737 887 1)
770 812 942 890 postquam
977 805 1230 892 discrepantiam
1258 808 1342 873 inter
1369 809 1442 873 sub-

276 908 395 974 iectum
430 915 463 973 et
490 927 606 974 ncmcn
634 907 892 993 praedicativum
919 912 951 974 in
980 911 1158 977 accusativi
1187 932 1258 976 eum
1288 911 1442 976 infinitivo

278 1012 515 1078 constructione
549 1013 657 1078 multis
691 1013 901 1098 exemplise
934 1014 969 1080 0.
998 1015 1155 1098 Graccho,
1190 1014 1336 1099 Claudio,
1372 1016 1440 1081 Val.

277 1115 420 1182 Antiate.
445 1115 571 1198 Plauto,
599 1116 739 1182 Laberio
768 1117 879 1201 petitis
907 1118 1056 1202 probavit
1079 1119 1119 1201 (I,
1138 1120 1182 1202 7),
1212 1119 1282 1202 ipse
1305 1118 1441 1185 eandem

277 1220 447 1286 verborum
459 1219 736 1301 incongruentiam
748 1228 884 1306 usurpat
895 1221 954 1304 Ill,
969 1223 998 1304 3,
1015 1223 1046 1286 l:
1062 1243 1176 1288 uerum
1187 1243 1253 1287 esse
1267 1223 1443 1306 comperior

278 1323 362 1406 quob
388 1323 544 1406 quosdam
568 1323 646 1389 boue
670 1324 830 1391 litteratos
853 1324 999 1391 homiues
1027 1325 1132 1390 dicere
1159 1325 1275 1390 audiui
1375 1347 1443 1392 uou

277 1427 445 1494 iudicibus
467 1427 559 1492 Aelii
580 1447 639 1493 uec
656 1427 771 1494 Accii.
789 1479 796 1494 .
815 1480 820 1491 .
843 1436 899 1507 (sc.
918 1431 965 1512 sc)
988 1429 1281 1512 crediturum),
1304 1429 1360 1494 ced
1380 1429 1444 1512 ipsi
1535 1469 1536 1500 1

279 1531 412 1598 Plauto.
458 1531 506 1596 of.
530 1532 638 1616 Hertz,
662 1551 691 1596 v.
709 1532 747 1597 G.
764 1553 793 1597 a.
810 1554 840 1618 p.
860 1533 898 1596 12
921 1553 990 1616 sqq.

345 1636 383 1698 In
406 1635 514 1719 capite
536 1635 611 1700 XII.
635 1635 708 1700 libri
731 1637 864 1719 XVIII,
887 1637 974 1719 quod
997 1638 1174 1722 inscripsit:
1202 1659 1322 1703 morem
1344 1637 1444 1703 istum

278 1737 441 1803 ueteribus
465 1737 569 1822 fuisse
597 1738 694 1804 verbu
718 1739 873 1821 patieudi
901 1745 1031 1807 mutare
1053 1762 1091 1806 uo
1113 1745 1237 1806 vertere
1263 1741 1302 1805 iu
1326 1739 1446 1824 operculi

280 1842 419 1923 modum,
443 1862 515 1907 eum
538 1843 604 1907 alia
627 1842 697 1908 eius
719 1843 764 1908 rei
789 1844 982 1912 documenta
1002 1851 1068 1909 tum
1085 1845 1141 1910 Gn.
1159 1844 1256 1909 Gellii
1280 1843 1330 1926 (tr.
1349 1845 1390 1907 30
1406 1844 1444 1920 Ρ)

280 1945 387 2011 affert:
419 1945 599 2029 Postquam
622 1951 796 2029 tempestusw
818 1948 992 2044 seducit,
1024 1947 1194 2014 Adherbal
1223 1952 1360 2013 taurum
1385 1947 1444 2011 im-

280 2049 424 2131 molavit,
448 2069 584 2131 quocum
600 2049 748 2116 conferas
771 2051 854 2116 Gell.
872 2052 914 2135 ΙΙ,
931 2053 983 2134 30,
1000 2052 1034 2115 2:
1057 2052 1178 2132 fluctus
1195 2101 1201 2115 .
1219 2099 1226 2114 .
1244 2099 1262 2132 .,
1287 2051 1388 2116 simul
1408 2071 1446 2115 uc

280 2156 398 2218 veutus
419 2153 571 2235 posuit,
601 2158 800 2220 stcruuutur
828 2158 859 2219 ot
884 2155 1140 2236 couJbucuesouut
1167 2160 1198 2220 ot
1225 2176 1300 2220 mou
1325 2155 1447 2235 fluctus

280 2277 346 2322 esse
370 2256 536 2322 desiuuut.

346 2361 427 2425 Item
457 2360 580 2427 Gellius
603 2362 640 2445 V,
662 2362 712 2446 21,
734 2364 754 2427 6
783 2363 938 2428 Catonem
968 2369 1011 2446 (p.
1034 2363 1084 2445 90,
1106 2363 1144 2428 12
1166 2363 1200 2446 J)
1209 2363 1245 2446 3),
1275 2361 1447 2426 Claudium

284 2463 533 2546 Quadrigarium
557 2464 609 2548 (ir.
626 2467 667 2531 90
682 2467 732 2550 P),
756 2466 921 2531 Valerium
937 2467 1100 2532 Antiatem
1123 2464 1173 2545 (fr.
1190 2465 1230 2530 65
1247 2465 1294 2548 P),
1319 2463 1446 2528 Aelium

284 2568 448 2650 Stilonem,
479 2567 654 2653 Nigidium,
683 2569 858 2635 Varronem
889 2569 1008 2652 pluria
1042 2575 1075 2633 et
1102 2568 1284 2651 compluria
1315 2568 1446 2650 formas,

283 2691 363 2754 quas
380 2670 538 2736 barbaras
556 2690 627 2737 csse
645 2671 875 2756 ‘reprehensor'
892 2672 1022 2756 quidam
1039 2672 1176 2755 dixerat,
1198 2691 1373 2756 usurpasse
1389 2690 1448 2736 nos

283 2775 378 2841 docet
406 2781 439 2838 ct
467 2775 613 2840 Sinnium
642 2776 832 2860 Capitonem
866 2777 899 2841 in
933 2777 1072 2861 epistula
1107 2775 1249 2858 quadarn
1277 2775 1447 2859 scripsisse
1535 2763 1536 2830 l

279 2878 398 2961 pluria
421 2898 483 2942 non
501 2880 604 2961 pluro
628 2878 691 2945 dici
715 2879 844 2946 debere.
890 2882 1011 2944 Iterum
1040 2879 1177 2944 candem
1201 2878 1335 2944 formam
1359 2877 1449 2962 apud

284 2987 426 3047 nostrum
450 3002 576 3065 quoque
593 2983 781 3066 scriptorem
796 2984 934 3065 legimus
950 2984 1086 3068 (XVIII,
1103 2982 1134 3063 6,
1150 2982 1199 3068 2):
1224 2980 1447 3064 compluriull.

284 3085 330 3151 Of.
347 3085 613 3168 Neue-Wagener
627 3087 689 3169 11³,
703 3107 734 3170 p.
747 3087 806 3152 271
822 3107 880 3170 sq,
897 3087 981 3152 unde
994 3087 1216 3169 cognoscimus
1229 3105 1300 3150 eam
1313 3085 1449 3150 formam
1535 3105 1536 3184 j

285 3190 432 3255 omnibus
456 3190 654 3274 temporibus
677 3209 749 3256 esse
772 3191 978 3256 rarissimam.

348 3293 448 3358 Porro
473 3292 596 3358 Gellius
618 3293 651 3356 in
674 3313 745 3377 cap.
770 3295 864 3378 XIII.
888 3294 959 3359 libri
982 3295 1023 3378 X,
1047 3293 1133 3376 quod
1157 3293 1333 3376 inscripsit:
1366 3295 1451 3356 ‘cum
1535 3369 1536 3372 Ἴ

278 3397 406 3480 partim
429 3395 606 3462 homiuum'
637 3418 703 3480 quo
724 3398 854 3464 rutioue
876 3402 996 3464 ueteres
1026 3397 1184 3479 diueriut,
1215 3403 1385 3480 postquam
1409 3415 1450 3460 ex
1535 3397 1536 3404 Ι

284 3500 417 3565 Catonis
444 3520 489 3564 or.
513 3499 554 3564 de
577 3520 611 3564 re
634 3501 719 3566 l'lor.
745 3501 859 3582 (LVII,
878 3503 896 3566 2
912 3503 944 3579 J)
973 3501 1055 3567 baec
1081 3501 1203 3570 attulit:
1234 3522 1305 3566 cum
1323 3499 1450 3583 purtim

285 3605 420 3671 illorum
436 3604 503 3669 ium
519 3625 613 3687 saepe
629 3605 672 3669 ud
687 3605 824 3670 euuueu
840 3605 969 3671 modum
985 3608 1099 3686 eratb,
1122 3605 1284 3687 adiungit:
1308 3602 1449 3687 ‘purtim’
1535 3593 1536 3642 1

285 3709 343 3774 boc
364 3707 403 3773 iu
427 3709 491 3774 loco
519 3708 709 3774 adverbium
737 3712 784 3773 oct
811 3729 916 3791 uequo
945 3709 983 3773 iu
1006 3729 1103 3774 rusus
1124 3708 1322 3786 iuoliuutur,
1352 3704 1450 3772 siout'
1535 3789 1536 3798 ἵ

287 3815 369 3877 ‘cum
386 3811 513 3894 purtim
531 3811 709 3877 bomiuum'
735 3811 801 3876 dici
817 3817 931 3894 potest,
957 3813 1074 3894 quibus
1094 3811 1203 3876 addit:
1228 3811 1452 3894 Imperitiores
1535 3819 1536 3838 ³

353 4090 374 4152 1)
394 4056 475 4142 codd.
490 4087 633 4142 Ciceronis
651 4086 757 4140 babent
774 4090 911 4157 futurum.

354 4180 376 4244 Ι)
395 4177 564 4232 creditorum
582 4177 669 4239 VPR;
689 4175 845 4230 credituros
863 4195 879 4236 ς
897 4193 968 4231 corr.
988 4175 1158 4230 Gronovius.

354 4267 375 4334 8)
395 4264 512 4320 Catonis
530 4263 666 4332 reliquiae
684 4267 798 4331 praeter
816 4262 851 4317 de
868 4280 890 4317 r.
901 4281 923 4318 r.
937 4262 1023 4317 libros
1038 4261 1101 4316 coll.
1113 4260 1232 4329 Jordan,
1250 4259 1363 4330 Lipsiae
1378 4261 1452 4316 1880.

354 4354 375 4420 ⁴)
395 4351 440 4406 Sic
459 4350 523 4406 libri
539 4354 654 4418 praeter
674 4349 714 4414 ΩΙ
732 4349 872 4420 (euplum)
891 4353 919 4406 ot
938 4349 961 4414 Q
981 4353 1026 4416 loir
1039 4348 1147 4418 plura).

354 4440 375 4504 Β)
394 4440 476 4492 eruut
493 4436 634 4491 Duebner.
